1939 3227
350 459 649 510 SCHOLIA
686 461 777 509 AB
814 460 1083 510 ALTERA
1120 459 1321 509 MANU
1359 460 1657 510 SCRIPTA.

794 632 1022 670 ΙΛΙΑΔΟΣ
1050 632 1094 670 A.
1128 628 1142 683 (
1163 630 1182 668 1
1201 628 1217 685 )

292 729 470 784 ’Όμηρος
497 731 687 787 διαλέκτῳ
708 731 893 785 κέχρηται
917 730 1027 782 Ἰάδι,
1050 730 1227 784 καθάπερ
1251 730 1314 773 καὶ
1332 730 1477 774 πάντες
1498 729 1522 782 ἢ
1546 732 1583 771 οἱ
1606 729 1771 772 πλείους

239 803 317 841 τῶν
337 803 512 851 ποιητῶν

302 881 336 910 I.
366 867 424 892 Η
440 866 567 925 ἄειδε]
594 866 693 924 [ἀπὸ
720 873 789 910 τοῦ
816 872 906 911 εἴδω
929 873 998 910 τοῦ
1025 868 1310 925 σημαίνοντος]
1336 870 1564 920 ἐπίσταμαι,
1588 867 1651 908 καὶ
1670 866 1772 916 μετὰ

240 940 308 977 τοῦ
334 937 415 991 (E)
441 938 669 978 ἐπιτατικοῦ
691 938 821 988 ἀείδω,
843 938 888 979 τὸ
909 939 1004 980 λίαν
1025 938 1210 992 γινώσκω

198 1018 219 1056 5
296 1005 354 1031 ⁹⁶⁹⁶
369 1003 631 1062 Πηληιάδεω]
662 1005 848 1049 Ἰωνικῶς

299 1088 337 1129 3.
370 1074 413 1115 τὸ
429 1079 449 1096 “
464 1074 572 1116 ’Ἄιδι
589 1073 613 1092 ”
638 1077 737 1116 κατὰ
757 1076 1065 1127 μεταπλασμόν·
1103 1075 1241 1126 Ἀΐδης
1261 1074 1391 1130 Ἀίδῃ,
1414 1075 1465 1117 ὥς
1493 1079 1622 1126 φησιν
1641 1073 1773 1126 Ἡρω-

240 1145 373 1186 διανός

371 1210 594 1268 προΐαψεν]
618 1213 716 1253 ἵπτω
741 1214 804 1253 καὶ
827 1213 925 1253 κατὰ
952 1213 1212 1264 πλεονασμὸν
1236 1212 1362 1253 ἷάπτω

298 1295 338 1331 4.
369 1278 506 1337 τεῦχε]
532 1280 713 1337 ἀφῃρέθη
737 1281 780 1322 τὸ
804 1285 827 1321 ἔ
846 1283 945 1322 κατὰ
963 1280 1105 1324 Ἴωνας

176 1363 222 1388 10
300 1359 335 1402 5.
370 1347 569 1406 οἰωνοῖσι]
591 1347 790 1406 [κόραξιν]
809 1348 832 1400 ἢ
854 1351 981 1403 γυψίν
998 1354 1082 1390 A:
1199 1350 1235 1391 8.
1253 1346 1389 1405 σφῶε]
1413 1349 1630 1402 προσώπου
1645 1349 1776 1400 τρίτου

372 1416 555 1475 ξυνέηκε]
588 1418 777 1461 Ἀττικῶς
800 1422 844 1459 τό
865 1419 898 1458 οἵ
921 1420 977 1461 εἰς
1000 1409 1036 1468 ξ-

300 1501 338 1542 9.
372 1485 717 1543 προσωπ[οποιία·
749 1487 942 1537 ἡΜοῦσα
964 1485 1226 1544 ἆπεκρίν]ατο

302 1569 365 1598 10.
398 1557 474 1598 ἀνὰ
497 1556 668 1609 στρατὸν
690 1554 815 1612 ὦρσε]
840 1557 1024 1609 ἔπεμψεν
1047 1557 1102 1599 εἰς
1125 1557 1298 1609 στρατόν

402 1622 613 1682 ὀλέκοντο]
633 1624 770 1667 Ἴωνες
792 1624 860 1665 οὐκ
883 1623 1073 1676 αὔξουσιν

176 1708 222 1746 15
304 1706 368 1735 ΙΙ.
401 1691 596 1750 ἀρητῆρα]
630 1693 737 1746 παρὰ
768 1693 812 1734 τὸ
845 1694 920 1746 ἆρὰ
952 1693 975 1744 ἡ
1005 1692 1205 1750 [βλάβη-Ι,
1237 1692 1260 1744 ἢ
1295 1694 1401 1746 παρὰ
1434 1693 1479 1733 τὸ
1508 1689 1673 1748 [αἴρειν]
1707 1692 1777 1733 τὰς

241 1765 379 1816 χεῖρας
400 1762 480 1802 ἄνω

305 1844 369 1886 13.
403 1828 634 1889 ἀπερείσια]
660 1831 804 1885 ἄπειρα
826 1832 965 1884 ampo„
988 1832 1052 1872 καὶ
1075 1833 1174 1872 κατὰ
1193 1830 1383 1883 Ἀττικὴν
1405 1827 1668 1885 ἐπαύ[ξησιν]

304 1900 368 1941 16.
401 1897 498 1956 δύω]
522 1897 709 1941 Ἀττικόν
734 1902 821 1942 ἐστι
847 1901 915 1941 δύο

304 1980 371 2010 21.
403 1965 608 2025 ἁζόμενοι]
633 1969 711 2019 ἄξω
735 1971 777 2010 δὲ
798 1969 844 2010 τὸ
867 1967 1039 2022 ξηραίνω
1061 1972 1259 2022 ψιλοῦται

175 2053 223 2077 20
303 2049 370 2091 23.
403 2035 557 2094 ἀγλαά]
583 2039 637 2080 εἷς
663 2035 727 2093 [ἃ]
753 2037 978 2091 ἀγάλλεταί
999 2054 1058 2080 τις

402 2104 559 2159 δέχθαι]
584 2102 683 2161 [ἀπὸ
705 2104 792 2163 τοῦ]
816 2105 1005 2159 δέχεσθαι
1029 2110 1049 2128 “
1065 2105 1207 2159 δέχθαι
1222 2104 1245 2121 ”

303 2186 369 2225 24.
401 2172 567 2231 ἥνδανε]
612 2176 654 2215 ἐκ
696 2178 764 2215 τοῦ
805 2175 886 2225 ἥδω
917 2179 961 2215 τὸ
991 2175 1271 2228 εὐφραίνομαι·
1316 2174 1409 2215 ὅθεν
1445 2174 1508 2214 καὶ
1549 2171 1776 2214 δασυντέον.

245 2247 501 2295 πλεονασμὸς
523 2242 678 2285 ἁνδάνω
702 2246 787 2284 Α-

526 2316 549 2334 Η

305 2312 370 2352 26.
404 2312 503 2364 κίχω
567 2312 704 2364 κιχείω
721 2311 743 2326 ”
925 2312 990 2353 28.
1021 2310 1074 2363 μή
1096 2327 1141 2352 νυ
1164 2327 1225 2351 τοι
1248 2308 1313 2366 οὐ]
1335 2310 1388 2361 μὴ
1411 2309 1479 2350 οὐκ
1505 2310 1553 2350 ἄν
1575 2326 1641 2350 σοι

178 2395 225 2431 25
404 2377 605 2436 χραίσμῃ]
637 2380 715 2421 ἀπὸ
745 2383 813 2420 τοῦ
837 2379 1037 2433 χρήσιμος
1065 2378 1217 2432 γέγονε,
1242 2379 1306 2420 καὶ
1337 2379 1517 2434 συστολῇ
1541 2381 1610 2418 τοῦ
1628 2380 1653 2429 ἡ
1676 2378 1731 2420 εἰς
1752 2384 1778 2417 ᾶ

247 2449 311 2488 καὶ
332 2447 547 2499 μεταθέσει
568 2452 636 2488 τοῦ
658 2455 674 2487 ῖ
693 2452 878 2501 χραισμῶ

406 2514 582 2572 στέμμα]
608 2515 814 2569 δάφνινον.

307 2598 372 2639 29.
407 2584 469 2626 καὶ
489 2582 631 2641 γῆρας]
656 2584 700 2625 τὸ
723 2589 746 2607 “
763 2585 828 2626 καί
841 2584 864 2599 ”
889 2584 1082 2637 παρέλκει
1105 2585 1202 2625 κατὰ
1228 2583 1431 2626 Ἀττικούς

307 2666 374 2707 30.
408 2650 578 2709 πάτρης]
602 2655 670 2704 τῆς
694 2653 793 2694 ἰδίου

178 2738 228 2774 30
307 2735 374 2776 31.
407 2718 663 2778 ἆντιόωνται]
687 2721 954 2771 πλεονάζουσι
977 2723 1029 2776 τῷ
1053 2722 1073 2762 ὁ
1094 2724 1131 2762 οἱ
1155 2722 1319 2772 ποιηταί
1379 2739 1381 2741 ’

293 2810 321 2840 3.
346 2800 375 2831 ἀ.
402 2812 431 2831 τ.
458 2800 528 2830 ε’ίδω
558 2801 697 2831 novavit
723 2811 786 2832 rec.
821 2804 833 2838 ΙΙ
859 2798 897 2830 τὸ
927 2799 1068 2840 σημαίνω
1099 2812 1174 2833 nov.
1201 2812 1276 2837 rec„
1303 2803 1339 2831 ab
1366 2800 1406 2831 cf.
1434 2800 1488 2831 Et.
1518 2799 1567 2830 M.
1594 2802 1606 2837 11
1633 2798 1662 2830 6.
1687 2797 1775 2839 Ἀΐδῃ

248 2844 462 2885 Epimerismi
480 2845 580 2875 Hom.
594 2845 648 2877 Cr.
666 2845 683 2875 I
700 2843 752 2884 65,
775 2853 807 2874 11
826 2855 831 2875 :
846 2842 940 2874 ’Ἀιδις
967 2848 978 2882 Η
1008 2853 1057 2876 10.
1083 2845 1235 2885 supplevi
1252 2855 1291 2875 ex
1308 2845 1342 2875 A
1367 2847 1379 2882 ΙΙ
1406 2842 1573 2883 προσώπου
1590 2841 1699 2882 τρίτου
1712 2843 1775 2873 W:

248 2921 346 2960 ὀρωτΐ
365 2921 381 2951 ὁ
404 2899 444 2961 ζη
469 2921 594 2952 detrita
617 2921 797 2952 admodum
824 2924 835 2958 ΙΙ
867 2929 916 2959 13.
940 2920 1029 2961 quod
1052 2925 1126 2961 post
1146 2932 1219 2961 στρ.
1238 2922 1390 2962 sequitur
1413 2918 1469 2951 τὰς
1492 2930 1539 2951 σω
1556 2944 1563 2950 .
1581 2944 1588 2951 .
1609 2942 1616 2949 .
1634 2943 1640 2950 .
1659 2917 1698 2948 τὸ
1715 2917 1778 2958 γὰρ

248 2963 459 3003 κορερότατον
482 2975 547 2996 non
571 2965 729 3006 intellego
749 2968 761 3003 ll
786 2972 832 3003 15.
851 2964 1001 3004 supplevi
1020 2975 1058 2995 ex
1076 2965 1103 2995 L
1119 2969 1152 2996 et
1169 2966 1224 2996 Et.
1243 2965 1291 2997 M.
1313 2968 1324 3003 ΙΙ
1347 2972 1395 3004 23.
1414 2964 1490 2996 add.
1507 2974 1570 2995 sec.
1586 2965 1777 2993 atramento

246 3008 378 3038 divorso
405 3012 416 3044 Η
446 3010 494 3041 28.
521 3007 558 3038 τὸ
575 3009 709 3049 scripsi:
737 3008 799 3048 legi
818 3006 868 3036 λοι
899 3011 910 3043 Η
938 3016 986 3045 3ο.
1014 3006 1050 3037 τὸ
1069 3010 1087 3038 ὅ
