<?xml version="1.0" encoding="UTF-8"?>
<!DOCTYPE html PUBLIC "-//W3C//DTD XHTML 1.0 Transitional//EN"
    "http://www.w3.org/TR/xhtml1/DTD/xhtml1-transitional.dtd">
<html xmlns="http://www.w3.org/1999/xhtml" xml:lang="en" lang="en">
 <head>
  <title>
</title>
<meta http-equiv="Content-Type" content="text/html;charset=utf-8" />
  <meta name='ocr-system' content='tesseract 3.04.00' />
  <meta name='ocr-capabilities' content='ocr_page ocr_carea ocr_par ocr_line ocrx_word'/>
</head>
<body>
  <div class='ocr_page' id='page_1' title='image "./scholiagraecainh06homeuoft_0532.png"; bbox 0 0 1939 3227; ppageno 0'>
   <div class='ocr_carea' id='block_1_1' title="bbox 253 125 1228 182">
    <p class='ocr_par' dir='ltr' id='par_1_1' title="bbox 253 125 1228 182">
     <span class='ocr_line' id='line_1_1' title="bbox 253 125 1228 182; baseline 0.003 -18"><span class='ocrx_word' id='word_1_1' title='bbox 253 125 336 165; x_wconf 88' lang='grc'>510</span> <span class='ocrx_word' id='word_1_2' title='bbox 806 129 1031 167; x_wconf 66' lang='grc' dir='ltr'>ΙΛΙΑΔΟΣ</span> <span class='ocrx_word' id='word_1_3' title='bbox 1065 130 1108 166; x_wconf 86' lang='grc' dir='ltr'>Ε.</span> <span class='ocrx_word' id='word_1_4' title='bbox 1143 126 1228 182; x_wconf 84' lang='grc'>(5)</span> 
     </span>
    </p>
   </div>
   <div class='ocr_carea' id='block_1_2' title="bbox 186 238 1794 2431">
    <p class='ocr_par' dir='ltr' id='par_1_2' title="bbox 186 238 1794 2431">
     <span class='ocr_line' id='line_1_2' title="bbox 307 238 1726 297; baseline 0 -16"><span class='ocrx_word' id='word_1_5' title='bbox 307 250 376 292; x_wconf 88' lang='lat'>47.</span> <span class='ocrx_word' id='word_1_6' title='bbox 409 238 619 297; x_wconf 85' lang='grc' dir='ltr'>στυγερός]</span> <span class='ocrx_word' id='word_1_7' title='bbox 641 242 810 292; x_wconf 82' lang='grc' dir='ltr'>μισητός</span> <span class='ocrx_word' id='word_1_8' title='bbox 986 249 1053 293; x_wconf 91' lang='grc'>54.</span> <span class='ocrx_word' id='word_1_9' title='bbox 1086 238 1320 297; x_wconf 79' lang='grc' dir='ltr'>ἑκηβολίαι]</span> <span class='ocrx_word' id='word_1_10' title='bbox 1345 242 1385 282; x_wconf 84' lang='grc' dir='ltr'>αἱ</span> <span class='ocrx_word' id='word_1_11' title='bbox 1408 241 1617 296; x_wconf 81' lang='grc' dir='ltr'>εὐστοχίαι</span> <span class='ocrx_word' id='word_1_12' title='bbox 1638 242 1726 286; x_wconf 79' lang='lat' dir='ltr'>A÷</span> 
     </span>
     <span class='ocr_line' id='line_1_3' title="bbox 311 307 756 366; baseline 0.007 -18"><span class='ocrx_word' id='word_1_13' title='bbox 311 318 376 361; x_wconf 88' lang='lat'>70.</span> <span class='ocrx_word' id='word_1_14' title='bbox 409 307 530 366; x_wconf 83' lang='grc' dir='ltr'>πύκα]</span> <span class='ocrx_word' id='word_1_15' title='bbox 556 311 756 361; x_wconf 82' lang='grc' dir='ltr'>ἐπιμελῶς</span> 
     </span>
     <span class='ocr_line' id='line_1_4' title="bbox 311 378 1783 432; baseline 0 -13"><span class='ocrx_word' id='word_1_16' title='bbox 311 388 376 432; x_wconf 83' lang='lat'>73.</span> <span class='ocrx_word' id='word_1_17' title='bbox 412 379 463 431; x_wconf 84' lang='lat'>&lt;“</span> <span class='ocrx_word' id='word_1_18' title='bbox 480 379 668 432; x_wconf 85' lang='grc' dir='ltr'>ἶνίον”&gt;]</span> <span class='ocrx_word' id='word_1_19' title='bbox 690 379 734 419; x_wconf 87' lang='grc' dir='ltr'>τὸ</span> <span class='ocrx_word' id='word_1_20' title='bbox 758 382 895 421; x_wconf 86' lang='grc' dir='ltr'>κοῖλον</span> <span class='ocrx_word' id='word_1_21' title='bbox 917 383 984 420; x_wconf 84' lang='grc' dir='ltr'>τοῦ</span> <span class='ocrx_word' id='word_1_22' title='bbox 1005 379 1197 421; x_wconf 79' lang='grc' dir='ltr'>τένοντος·</span> <span class='ocrx_word' id='word_1_23' title='bbox 1232 378 1419 430; x_wconf 89' lang='grc' dir='ltr'>κέκληται</span> <span class='ocrx_word' id='word_1_24' title='bbox 1445 380 1487 420; x_wconf 82' lang='grc' dir='ltr'>δὲ</span> <span class='ocrx_word' id='word_1_25' title='bbox 1510 380 1610 419; x_wconf 80' lang='grc' dir='ltr'>οὕτω</span> <span class='ocrx_word' id='word_1_26' title='bbox 1643 380 1708 419; x_wconf 78' lang='grc' dir='ltr'>διὰ</span> <span class='ocrx_word' id='word_1_27' title='bbox 1737 378 1783 419; x_wconf 90' lang='grc' dir='ltr'>τὸ</span> 
     </span>
     <span class='ocr_line' id='line_1_5' title="bbox 253 446 1784 501; baseline 0.002 -14"><span class='ocrx_word' id='word_1_28' title='bbox 253 446 354 487; x_wconf 74' lang='grc' dir='ltr'>εἶναι</span> <span class='ocrx_word' id='word_1_29' title='bbox 372 451 573 500; x_wconf 92' lang='grc' dir='ltr'>νευρῶδες.</span> <span class='ocrx_word' id='word_1_30' title='bbox 602 446 625 498; x_wconf 77' lang='grc' dir='ltr'>ἦ</span> <span class='ocrx_word' id='word_1_31' title='bbox 644 448 775 489; x_wconf 78' lang='grc' dir='ltr'>πλατὺ</span> <span class='ocrx_word' id='word_1_32' title='bbox 793 447 856 489; x_wconf 83' lang='grc' dir='ltr'>καὶ</span> <span class='ocrx_word' id='word_1_33' title='bbox 878 449 986 501; x_wconf 83' lang='grc' dir='ltr'>παχὺ</span> <span class='ocrx_word' id='word_1_34' title='bbox 1009 451 1147 500; x_wconf 74' lang='grc' dir='ltr'>νεῦρον</span> <span class='ocrx_word' id='word_1_35' title='bbox 1163 451 1207 488; x_wconf 90' lang='grc' dir='ltr'>τὸ</span> <span class='ocrx_word' id='word_1_36' title='bbox 1227 450 1401 499; x_wconf 85' lang='grc' dir='ltr'>καθῆκον</span> <span class='ocrx_word' id='word_1_37' title='bbox 1419 448 1496 488; x_wconf 88' lang='grc' dir='ltr'>ἀπὸ</span> <span class='ocrx_word' id='word_1_38' title='bbox 1515 450 1583 498; x_wconf 88' lang='grc' dir='ltr'>τῆς</span> <span class='ocrx_word' id='word_1_39' title='bbox 1605 448 1784 500; x_wconf 77' lang='grc' dir='ltr'>κεφαλῆς</span> 
     </span>
     <span class='ocr_line' id='line_1_6' title="bbox 210 514 735 570; baseline 0 -14"><span class='ocrx_word' id='word_1_40' title='bbox 210 524 232 560; x_wconf 88' lang='grc'>5</span> <span class='ocrx_word' id='word_1_41' title='bbox 254 514 318 557; x_wconf 84' lang='grc' dir='ltr'>ἐπὶ</span> <span class='ocrx_word' id='word_1_42' title='bbox 340 516 409 557; x_wconf 87' lang='grc' dir='ltr'>τὸν</span> <span class='ocrx_word' id='word_1_43' title='bbox 431 517 582 570; x_wconf 80' lang='grc' dir='ltr'>αὐχένα</span> <span class='ocrx_word' id='word_1_44' title='bbox 603 517 735 556; x_wconf 83' lang='lat' dir='ltr'>AB:</span> 
     </span>
     <span class='ocr_line' id='line_1_7' title="bbox 312 584 1569 643; baseline 0 -18"><span class='ocrx_word' id='word_1_45' title='bbox 312 595 378 638; x_wconf 87' lang='lat'>74.</span> <span class='ocrx_word' id='word_1_46' title='bbox 413 585 470 627; x_wconf 86' lang='grc' dir='ltr'>ἀν’</span> <span class='ocrx_word' id='word_1_47' title='bbox 495 584 836 643; x_wconf 85' lang='grc' dir='ltr'>ὀδόντας-τάμε]</span> <span class='ocrx_word' id='word_1_48' title='bbox 861 587 972 627; x_wconf 81' lang='grc' dir='ltr'>διιὼν</span> <span class='ocrx_word' id='word_1_49' title='bbox 994 585 1165 636; x_wconf 90' lang='grc' dir='ltr'>ἀνέταμε</span> <span class='ocrx_word' id='word_1_50' title='bbox 1186 585 1275 628; x_wconf 83' lang='grc' dir='ltr'>τοὺς</span> <span class='ocrx_word' id='word_1_51' title='bbox 1297 586 1462 628; x_wconf 82' lang='grc' dir='ltr'>ὀδόντας</span> <span class='ocrx_word' id='word_1_52' title='bbox 1485 585 1520 625; x_wconf 91' lang='grc' dir='ltr'>Β</span> <span class='ocrx_word' id='word_1_53' title='bbox 1535 596 1569 630; x_wconf 82' lang='grc' dir='ltr'>-Ι-</span> 
     </span>
     <span class='ocr_line' id='line_1_8' title="bbox 311 653 1786 711; baseline 0 -15"><span class='ocrx_word' id='word_1_54' title='bbox 311 663 375 707; x_wconf 91' lang='grc'>75.</span> <span class='ocrx_word' id='word_1_55' title='bbox 408 654 587 711; x_wconf 81' lang='grc' dir='ltr'>ψυχρόν]</span> <span class='ocrx_word' id='word_1_56' title='bbox 632 654 654 706; x_wconf 85' lang='grc' dir='ltr'>ἢ</span> <span class='ocrx_word' id='word_1_57' title='bbox 696 656 765 696; x_wconf 85' lang='grc' dir='ltr'>τὸν</span> <span class='ocrx_word' id='word_1_58' title='bbox 805 658 850 711; x_wconf 79' lang='grc' dir='ltr'>τῇ</span> <span class='ocrx_word' id='word_1_59' title='bbox 895 656 1064 710; x_wconf 73' lang='grc' dir='ltr'>ἀληθεία</span> <span class='ocrx_word' id='word_1_60' title='bbox 1105 659 1266 709; x_wconf 76' lang='grc' dir='ltr'>ψυχρὸν</span> <span class='ocrx_word' id='word_1_61' title='bbox 1309 656 1416 704; x_wconf 83' lang='grc' dir='ltr'>ὅντα,</span> <span class='ocrx_word' id='word_1_62' title='bbox 1450 653 1474 706; x_wconf 86' lang='grc' dir='ltr'>ἢ</span> <span class='ocrx_word' id='word_1_63' title='bbox 1517 655 1586 696; x_wconf 85' lang='grc' dir='ltr'>τὸν</span> <span class='ocrx_word' id='word_1_64' title='bbox 1627 654 1786 708; x_wconf 75' lang='grc' dir='ltr'>ψύχους</span> 
     </span>
     <span class='ocr_line' id='line_1_9' title="bbox 253 723 790 775; baseline 0 -11"><span class='ocrx_word' id='word_1_65' title='bbox 253 725 381 765; x_wconf 79' lang='grc' dir='ltr'>αἴτιον</span> <span class='ocrx_word' id='word_1_66' title='bbox 402 723 488 775; x_wconf 85' lang='grc' dir='ltr'>ἤτοι</span> <span class='ocrx_word' id='word_1_67' title='bbox 512 724 681 765; x_wconf 86' lang='grc' dir='ltr'>θανάτου</span> <span class='ocrx_word' id='word_1_68' title='bbox 703 725 742 764; x_wconf 92' lang='grc' dir='ltr'><strong>Α</strong></span> <span class='ocrx_word' id='word_1_69' title='bbox 756 734 790 769; x_wconf 65' lang='lat'>4-</span> 
     </span>
     <span class='ocr_line' id='line_1_10' title="bbox 314 791 1776 850; baseline 0.003 -18"><span class='ocrx_word' id='word_1_70' title='bbox 314 793 379 843; x_wconf 82' lang='grc'>78.</span> <span class='ocrx_word' id='word_1_71' title='bbox 413 792 579 846; x_wconf 87' lang='grc' dir='ltr'>ἀρητήρ]</span> <span class='ocrx_word' id='word_1_72' title='bbox 604 793 729 845; x_wconf 82' lang='grc' dir='ltr'>ἱερεύς</span> <span class='ocrx_word' id='word_1_73' title='bbox 909 793 973 834; x_wconf 86' lang='lat'>81.</span> <span class='ocrx_word' id='word_1_74' title='bbox 1007 791 1283 850; x_wconf 76' lang='grc' dir='ltr'>ἀπὸ-ἔξεσε]</span> <span class='ocrx_word' id='word_1_75' title='bbox 1312 793 1438 848; x_wconf 80' lang='grc' dir='ltr'>&lt;οὐκ&gt;</span> <span class='ocrx_word' id='word_1_76' title='bbox 1465 793 1670 847; x_wconf 77' lang='grc' dir='ltr'>ἀπέκοψεν</span> <span class='ocrx_word' id='word_1_77' title='bbox 1692 791 1776 837; x_wconf 63' lang='grc' dir='ltr'>Β-ί-</span> 
     </span>
     <span class='ocr_line' id='line_1_11' title="bbox 186 859 1355 918; baseline 0.003 -18"><span class='ocrx_word' id='word_1_78' title='bbox 186 870 233 894; x_wconf 87' lang='grc'>10</span> <span class='ocrx_word' id='word_1_79' title='bbox 314 861 379 915; x_wconf 86' lang='grc'>89.</span> <span class='ocrx_word' id='word_1_80' title='bbox 413 859 613 918; x_wconf 70' lang='grc' dir='ltr'>ἐερμέναι]</span> <span class='ocrx_word' id='word_1_81' title='bbox 639 861 958 914; x_wconf 88' lang='grc' dir='ltr'>ἀσφαλισμέναι,</span> <span class='ocrx_word' id='word_1_82' title='bbox 980 862 1355 915; x_wconf 82' lang='grc' dir='ltr'>περιπεφραγμέναι</span> 
     </span>
     <span class='ocr_line' id='line_1_12' title="bbox 312 927 1050 987; baseline 0.003 -18"><span class='ocrx_word' id='word_1_83' title='bbox 312 942 381 984; x_wconf 90' lang='lat'>90.</span> <span class='ocrx_word' id='word_1_84' title='bbox 414 927 547 987; x_wconf 85' lang='grc' dir='ltr'>ἕρκεα]</span> <span class='ocrx_word' id='word_1_85' title='bbox 572 932 720 984; x_wconf 86' lang='grc' dir='ltr'>τείχεα,</span> <span class='ocrx_word' id='word_1_86' title='bbox 742 930 1050 984; x_wconf 85' lang='grc' dir='ltr'>περιφράγματα</span> 
     </span>
     <span class='ocr_line' id='line_1_13' title="bbox 312 997 1577 1056; baseline 0.002 -16"><span class='ocrx_word' id='word_1_87' title='bbox 312 1010 379 1053; x_wconf 85' lang='lat'>92.</span> <span class='ocrx_word' id='word_1_88' title='bbox 414 997 522 1056; x_wconf 83' lang='grc' dir='ltr'>κάλ’]</span> <span class='ocrx_word' id='word_1_89' title='bbox 547 999 652 1040; x_wconf 85' lang='grc' dir='ltr'>καλά</span> <span class='ocrx_word' id='word_1_90' title='bbox 828 1008 895 1051; x_wconf 87' lang='grc'>95.</span> <span class='ocrx_word' id='word_1_91' title='bbox 930 998 1296 1056; x_wconf 83' lang='grc' dir='ltr'>Λυκάονος-υἱός]</span> <span class='ocrx_word' id='word_1_92' title='bbox 1323 1001 1343 1040; x_wconf 90' lang='grc' dir='ltr'>ὁ</span> <span class='ocrx_word' id='word_1_93' title='bbox 1365 999 1577 1052; x_wconf 85' lang='grc' dir='ltr'>Πάνδαρος</span> 
     </span>
     <span class='ocr_line' id='line_1_14' title="bbox 313 1065 1623 1126; baseline 0 -18"><span class='ocrx_word' id='word_1_94' title='bbox 313 1069 380 1122; x_wconf 85' lang='grc'>96.</span> <span class='ocrx_word' id='word_1_95' title='bbox 413 1068 489 1121; x_wconf 85' lang='grc' dir='ltr'>πρὸ</span> <span class='ocrx_word' id='word_1_96' title='bbox 511 1066 618 1126; x_wconf 81' lang='grc' dir='ltr'>ἕθεν]</span> <span class='ocrx_word' id='word_1_97' title='bbox 644 1068 720 1121; x_wconf 82' lang='grc' dir='ltr'>πρὸ</span> <span class='ocrx_word' id='word_1_98' title='bbox 741 1069 859 1109; x_wconf 78' lang='grc' dir='ltr'>αὐτοῦ</span> <span class='ocrx_word' id='word_1_99' title='bbox 1037 1082 1104 1122; x_wconf 90' lang='grc'>99.</span> <span class='ocrx_word' id='word_1_100' title='bbox 1138 1065 1431 1125; x_wconf 83' lang='grc' dir='ltr'>διὰ-ἔπτατο]</span> <span class='ocrx_word' id='word_1_101' title='bbox 1456 1071 1623 1119; x_wconf 84' lang='grc' dir='ltr'>διῆλθεν</span> 
     </span>
     <span class='ocr_line' id='line_1_15' title="bbox 317 1135 1156 1194; baseline 0.001 -18"><span class='ocrx_word' id='word_1_102' title='bbox 317 1149 410 1177; x_wconf 87' lang='grc'>100.</span> <span class='ocrx_word' id='word_1_103' title='bbox 444 1135 703 1194; x_wconf 82' lang='grc' dir='ltr'>παλάσσετο]</span> <span class='ocrx_word' id='word_1_104' title='bbox 729 1137 941 1189; x_wconf 84' lang='grc' dir='ltr'>ἐμολύνετο</span> <span class='ocrx_word' id='word_1_105' title='bbox 964 1137 1156 1191; x_wconf 75' lang='grc' dir='ltr'>ἐβρέχετο</span> 
     </span>
     <span class='ocr_line' id='line_1_16' title="bbox 189 1205 764 1259; baseline 0.003 -15"><span class='ocrx_word' id='word_1_106' title='bbox 189 1217 236 1254; x_wconf 85' lang='lat'>15</span> <span class='ocrx_word' id='word_1_107' title='bbox 318 1218 411 1256; x_wconf 85' lang='lat'>104.</span> <span class='ocrx_word' id='word_1_108' title='bbox 444 1205 548 1259; x_wconf 77' lang='grc' dir='ltr'>δῆθ’]</span> <span class='ocrx_word' id='word_1_109' title='bbox 572 1205 636 1247; x_wconf 85' lang='grc' dir='ltr'>ἐπὶ</span> <span class='ocrx_word' id='word_1_110' title='bbox 659 1206 764 1247; x_wconf 81' lang='grc' dir='ltr'>πολύ</span> 
     </span>
     <span class='ocr_line' id='line_1_17' title="bbox 448 1274 1685 1327; baseline 0.001 -12"><span class='ocrx_word' id='word_1_111' title='bbox 448 1279 552 1327; x_wconf 84' lang='grc' dir='ltr'>τρεῖς</span> <span class='ocrx_word' id='word_1_112' title='bbox 576 1275 678 1316; x_wconf 79' lang='grc' dir='ltr'>ἰδέαι</span> <span class='ocrx_word' id='word_1_113' title='bbox 699 1276 956 1327; x_wconf 88' lang='grc' dir='ltr'>βελουλκίας,</span> <span class='ocrx_word' id='word_1_114' title='bbox 981 1274 1127 1326; x_wconf 80' lang='grc' dir='ltr'>ἐξολκὴ</span> <span class='ocrx_word' id='word_1_115' title='bbox 1152 1275 1296 1327; x_wconf 80' lang='grc' dir='ltr'>ἐκτομὴ</span> <span class='ocrx_word' id='word_1_116' title='bbox 1321 1276 1385 1316; x_wconf 84' lang='grc' dir='ltr'>καὶ</span> <span class='ocrx_word' id='word_1_117' title='bbox 1408 1276 1583 1326; x_wconf 87' lang='grc' dir='ltr'>ὃιωσμός</span> <span class='ocrx_word' id='word_1_118' title='bbox 1605 1289 1685 1316; x_wconf 79' lang='lat' dir='ltr'>ree.</span> 
     </span>
     <span class='ocr_line' id='line_1_18' title="bbox 316 1342 1401 1400; baseline 0 -16"><span class='ocrx_word' id='word_1_119' title='bbox 316 1357 335 1384; x_wconf 91' lang='lat'>1</span> <span class='ocrx_word' id='word_1_120' title='bbox 348 1356 412 1397; x_wconf 82' lang='lat'>13.</span> <span class='ocrx_word' id='word_1_121' title='bbox 446 1342 676 1400; x_wconf 85' lang='grc' dir='ltr'>στρεπτοῖο]</span> <span class='ocrx_word' id='word_1_122' title='bbox 696 1348 764 1384; x_wconf 80' lang='grc' dir='ltr'>τοῦ</span> <span class='ocrx_word' id='word_1_123' title='bbox 784 1346 1046 1393; x_wconf 81' lang='grc' dir='ltr'>ἁλυσιδωτοῦ,</span> <span class='ocrx_word' id='word_1_124' title='bbox 1066 1348 1135 1384; x_wconf 85' lang='grc' dir='ltr'>τοῦ</span> <span class='ocrx_word' id='word_1_125' title='bbox 1158 1344 1401 1397; x_wconf 84' lang='grc' dir='ltr'>εὐστρέπτου</span> 
     </span>
     <span class='ocr_line' id='line_1_19' title="bbox 318 1410 1589 1470; baseline 0 -18"><span class='ocrx_word' id='word_1_126' title='bbox 318 1423 411 1465; x_wconf 88' lang='lat'>117.</span> <span class='ocrx_word' id='word_1_127' title='bbox 445 1410 584 1469; x_wconf 81' lang='grc' dir='ltr'>φῖλαι]</span> <span class='ocrx_word' id='word_1_128' title='bbox 609 1414 791 1465; x_wconf 87' lang='grc' dir='ltr'>φίλησον</span> <span class='ocrx_word' id='word_1_129' title='bbox 971 1425 1063 1463; x_wconf 80' lang='grc'>124.</span> <span class='ocrx_word' id='word_1_130' title='bbox 1096 1410 1322 1470; x_wconf 87' lang='grc' dir='ltr'>μάχεσθαι]</span> <span class='ocrx_word' id='word_1_131' title='bbox 1345 1412 1476 1467; x_wconf 90' lang='grc' dir='ltr'>μάχου</span> <span class='ocrx_word' id='word_1_132' title='bbox 1498 1413 1589 1452; x_wconf 80' lang='lat' dir='ltr'>A:</span> 
     </span>
     <span class='ocr_line' id='line_1_20' title="bbox 318 1479 840 1538; baseline 0.002 -17"><span class='ocrx_word' id='word_1_133' title='bbox 318 1490 412 1533; x_wconf 82' lang='lat'>125.</span> <span class='ocrx_word' id='word_1_134' title='bbox 446 1479 644 1538; x_wconf 85' lang='grc' dir='ltr'>ἐν-ἧκα]</span> <span class='ocrx_word' id='word_1_135' title='bbox 671 1482 840 1533; x_wconf 85' lang='grc' dir='ltr'>ἐνέθηκα</span> 
     </span>
     <span class='ocr_line' id='line_1_21' title="bbox 188 1548 1480 1608; baseline 0.002 -18"><span class='ocrx_word' id='word_1_136' title='bbox 188 1563 238 1590; x_wconf 85' lang='grc'>20</span> <span class='ocrx_word' id='word_1_137' title='bbox 319 1552 413 1593; x_wconf 84' lang='lat'>126.</span> <span class='ocrx_word' id='word_1_138' title='bbox 447 1551 593 1605; x_wconf 79' lang='grc' dir='ltr'>ἔχεσκε</span> <span class='ocrx_word' id='word_1_139' title='bbox 616 1548 897 1608; x_wconf 85' lang='grc' dir='ltr'>σακέσπαλος]</span> <span class='ocrx_word' id='word_1_140' title='bbox 924 1551 1033 1605; x_wconf 81' lang='grc' dir='ltr'>εἶχεν</span> <span class='ocrx_word' id='word_1_141' title='bbox 1056 1553 1076 1591; x_wconf 88' lang='grc' dir='ltr'>ὁ</span> <span class='ocrx_word' id='word_1_142' title='bbox 1098 1550 1268 1593; x_wconf 86' lang='grc' dir='ltr'>πάλλων</span> <span class='ocrx_word' id='word_1_143' title='bbox 1289 1551 1334 1592; x_wconf 85' lang='grc' dir='ltr'>τὸ</span> <span class='ocrx_word' id='word_1_144' title='bbox 1357 1551 1480 1593; x_wconf 84' lang='grc' dir='ltr'>σάκος</span> 
     </span>
     <span class='ocr_line' id='line_1_22' title="bbox 320 1618 918 1676; baseline 0.003 -16"><span class='ocrx_word' id='word_1_145' title='bbox 320 1620 413 1663; x_wconf 81' lang='lat'>128.</span> <span class='ocrx_word' id='word_1_146' title='bbox 447 1620 546 1671; x_wconf 77' lang='grc' dir='ltr'>ἠμὲν</span> <span class='ocrx_word' id='word_1_147' title='bbox 568 1618 679 1676; x_wconf 87' lang='grc' dir='ltr'>θεόν]</span> <span class='ocrx_word' id='word_1_148' title='bbox 703 1620 773 1662; x_wconf 87' lang='grc' dir='ltr'>τὸν</span> <span class='ocrx_word' id='word_1_149' title='bbox 795 1621 918 1662; x_wconf 85' lang='grc' dir='ltr'>ὄντως</span> 
     </span>
     <span class='ocr_line' id='line_1_23' title="bbox 450 1687 1291 1746; baseline 0.001 -17"><span class='ocrx_word' id='word_1_150' title='bbox 450 1687 592 1746; x_wconf 83' lang='grc' dir='ltr'>ἄνδρα]</span> <span class='ocrx_word' id='word_1_151' title='bbox 616 1693 685 1731; x_wconf 85' lang='grc' dir='ltr'>τὸν</span> <span class='ocrx_word' id='word_1_152' title='bbox 704 1691 1067 1742; x_wconf 81' lang='grc' dir='ltr'>μεταβαλλόμενον</span> <span class='ocrx_word' id='word_1_153' title='bbox 1089 1691 1145 1732; x_wconf 83' lang='grc' dir='ltr'>εἰς</span> <span class='ocrx_word' id='word_1_154' title='bbox 1167 1690 1291 1742; x_wconf 82' lang='grc' dir='ltr'>ἄνδρα</span> 
     </span>
     <span class='ocr_line' id='line_1_24' title="bbox 320 1756 1478 1815; baseline -0.001 -16"><span class='ocrx_word' id='word_1_155' title='bbox 320 1771 413 1813; x_wconf 80' lang='grc'>129.</span> <span class='ocrx_word' id='word_1_156' title='bbox 447 1756 555 1815; x_wconf 83' lang='grc' dir='ltr'>θεός]</span> <span class='ocrx_word' id='word_1_157' title='bbox 580 1760 680 1799; x_wconf 82' lang='grc' dir='ltr'>οὕτω</span> <span class='ocrx_word' id='word_1_158' title='bbox 703 1758 914 1799; x_wconf 85' lang='grc' dir='ltr'>λανθάνων</span> <span class='ocrx_word' id='word_1_159' title='bbox 937 1760 979 1800; x_wconf 86' lang='grc' dir='ltr'>ἐν</span> <span class='ocrx_word' id='word_1_160' title='bbox 1001 1759 1210 1811; x_wconf 84' lang='grc' dir='ltr'>ἀνθρώπου</span> <span class='ocrx_word' id='word_1_161' title='bbox 1230 1759 1365 1814; x_wconf 84' lang='grc' dir='ltr'>μορφῇ</span> <span class='ocrx_word' id='word_1_162' title='bbox 1391 1758 1478 1802; x_wconf 83' lang='grc' dir='ltr'>Α-Ι-</span> 
     </span>
     <span class='ocr_line' id='line_1_25' title="bbox 319 1826 1792 1882; baseline 0.001 -15"><span class='ocrx_word' id='word_1_163' title='bbox 319 1840 413 1882; x_wconf 81' lang='lat'>132.</span> <span class='ocrx_word' id='word_1_164' title='bbox 450 1827 699 1881; x_wconf 84' lang='grc' dir='ltr'>&lt;οὐτάμεν&gt;]</span> <span class='ocrx_word' id='word_1_165' title='bbox 735 1829 800 1868; x_wconf 78' lang='grc' dir='ltr'>διὰ</span> <span class='ocrx_word' id='word_1_166' title='bbox 834 1827 872 1867; x_wconf 89' lang='grc' dir='ltr'>τί</span> <span class='ocrx_word' id='word_1_167' title='bbox 902 1828 997 1878; x_wconf 90' lang='grc' dir='ltr'>μίαν</span> <span class='ocrx_word' id='word_1_168' title='bbox 1029 1827 1101 1878; x_wconf 83' lang='grc' dir='ltr'>τὴν</span> <span class='ocrx_word' id='word_1_169' title='bbox 1141 1827 1385 1880; x_wconf 84' lang='grc' dir='ltr'>Ἀφροδίτην</span> <span class='ocrx_word' id='word_1_170' title='bbox 1405 1844 1418 1875; x_wconf 87' lang='grc'><strong><em>;</em></strong></span> <span class='ocrx_word' id='word_1_171' title='bbox 1472 1828 1537 1868; x_wconf 77' lang='grc' dir='ltr'>διὰ</span> <span class='ocrx_word' id='word_1_172' title='bbox 1577 1826 1621 1867; x_wconf 85' lang='grc' dir='ltr'>τὸ</span> <span class='ocrx_word' id='word_1_173' title='bbox 1657 1844 1792 1880; x_wconf 90' lang='grc' dir='ltr'>προει-</span> 
     </span>
     <span class='ocr_line' id='line_1_26' title="bbox 191 1895 1794 1951; baseline 0 -14"><span class='ocrx_word' id='word_1_174' title='bbox 191 1913 238 1951; x_wconf 88' lang='lat'>25</span> <span class='ocrx_word' id='word_1_175' title='bbox 257 1896 417 1949; x_wconf 90' lang='grc' dir='ltr'>ρηκέναι</span> <span class='ocrx_word' id='word_1_176' title='bbox 433 1900 502 1938; x_wconf 80' lang='grc' dir='ltr'>τὸν</span> <span class='ocrx_word' id='word_1_177' title='bbox 520 1897 601 1938; x_wconf 88' lang='grc' dir='ltr'>Δία</span> <span class='ocrx_word' id='word_1_178' title='bbox 616 1900 636 1916; x_wconf 86' lang='lat'>“</span> <span class='ocrx_word' id='word_1_179' title='bbox 651 1898 703 1951; x_wconf 74' lang='grc' dir='ltr'>τῷ</span> <span class='ocrx_word' id='word_1_180' title='bbox 728 1895 758 1936; x_wconf 85' lang='grc' dir='ltr'>δ’</span> <span class='ocrx_word' id='word_1_181' title='bbox 783 1896 874 1937; x_wconf 76' lang='grc' dir='ltr'>αὖτε</span> <span class='ocrx_word' id='word_1_182' title='bbox 893 1896 1131 1948; x_wconf 79' lang='grc' dir='ltr'>φιλομειδὴς</span> <span class='ocrx_word' id='word_1_183' title='bbox 1151 1896 1372 1948; x_wconf 86' lang='grc' dir='ltr'>Ἀφροδίτη</span> <span class='ocrx_word' id='word_1_184' title='bbox 1393 1897 1471 1937; x_wconf 82' lang='grc' dir='ltr'>αἰεὶ</span> <span class='ocrx_word' id='word_1_185' title='bbox 1493 1895 1794 1948; x_wconf 82' lang='grc' dir='ltr'>παρμέμβλωκε</span> 
     </span>
     <span class='ocr_line' id='line_1_27' title="bbox 259 1963 1785 2020; baseline -0.002 -13"><span class='ocrx_word' id='word_1_186' title='bbox 259 1965 323 2007; x_wconf 77' lang='grc' dir='ltr'>καὶ</span> <span class='ocrx_word' id='word_1_187' title='bbox 346 1965 464 2006; x_wconf 79' lang='grc' dir='ltr'>αὐτοῦ</span> <span class='ocrx_word' id='word_1_188' title='bbox 488 1968 605 2018; x_wconf 86' lang='grc' dir='ltr'>κῆρας</span> <span class='ocrx_word' id='word_1_189' title='bbox 628 1963 793 2017; x_wconf 85' lang='grc' dir='ltr'>ἀμύνει”</span> <span class='ocrx_word' id='word_1_190' title='bbox 818 1964 887 2020; x_wconf 80' lang='lat' dir='ltr'>(Il.</span> <span class='ocrx_word' id='word_1_191' title='bbox 909 1978 950 2015; x_wconf 89' lang='lat'>4.</span> <span class='ocrx_word' id='word_1_192' title='bbox 978 1978 1040 2015; x_wconf 86' lang='lat'>10,</span> <span class='ocrx_word' id='word_1_193' title='bbox 1062 1963 1115 2020; x_wconf 87' lang='lat' dir='ltr'>I),</span> <span class='ocrx_word' id='word_1_194' title='bbox 1139 1965 1319 2005; x_wconf 90' lang='grc' dir='ltr'>τουτέστι</span> <span class='ocrx_word' id='word_1_195' title='bbox 1342 1967 1395 2020; x_wconf 76' lang='grc' dir='ltr'>τῷ</span> <span class='ocrx_word' id='word_1_196' title='bbox 1417 1964 1672 2020; x_wconf 75' lang='grc' dir='ltr'>Ἀλεξάνδρῳ</span> <span class='ocrx_word' id='word_1_197' title='bbox 1695 1965 1785 2004; x_wconf 87' lang='grc' dir='ltr'>Α·--</span> 
     </span>
     <span class='ocr_line' id='line_1_28' title="bbox 321 2031 1619 2090; baseline -0.001 -15"><span class='ocrx_word' id='word_1_198' title='bbox 321 2048 413 2089; x_wconf 84' lang='lat'>134.</span> <span class='ocrx_word' id='word_1_199' title='bbox 447 2033 620 2087; x_wconf 81' lang='grc' dir='ltr'>ἐξαῦτις]</span> <span class='ocrx_word' id='word_1_200' title='bbox 638 2035 679 2074; x_wconf 90' lang='grc' dir='ltr'>ἐκ</span> <span class='ocrx_word' id='word_1_201' title='bbox 703 2033 885 2086; x_wconf 86' lang='grc' dir='ltr'>δευτέρου</span> <span class='ocrx_word' id='word_1_202' title='bbox 1065 2035 1156 2088; x_wconf 77' lang='grc'>138.</span> <span class='ocrx_word' id='word_1_203' title='bbox 1185 2031 1364 2090; x_wconf 87' lang='grc' dir='ltr'>χραύσῃ]</span> <span class='ocrx_word' id='word_1_204' title='bbox 1389 2032 1516 2089; x_wconf 80' lang='grc' dir='ltr'>ἀμύξῃ</span> <span class='ocrx_word' id='word_1_205' title='bbox 1539 2046 1619 2074; x_wconf 83' lang='lat' dir='ltr'>ree.</span> 
     </span>
     <span class='ocr_line' id='line_1_29' title="bbox 322 2100 1765 2159; baseline 0 -15"><span class='ocrx_word' id='word_1_206' title='bbox 322 2116 416 2154; x_wconf 88' lang='lat'>144.</span> <span class='ocrx_word' id='word_1_207' title='bbox 450 2100 562 2159; x_wconf 80' lang='grc' dir='ltr'>ἕλεν]</span> <span class='ocrx_word' id='word_1_208' title='bbox 588 2104 811 2156; x_wconf 84' lang='grc' dir='ltr'>ἐφόνευσεν</span> <span class='ocrx_word' id='word_1_209' title='bbox 960 2113 1053 2155; x_wconf 88' lang='lat'>147.</span> <span class='ocrx_word' id='word_1_210' title='bbox 1087 2100 1296 2159; x_wconf 84' lang='grc' dir='ltr'>ἐέργαθεν]</span> <span class='ocrx_word' id='word_1_211' title='bbox 1325 2103 1530 2156; x_wconf 81' lang='grc' dir='ltr'>ἐχώρισεν,</span> <span class='ocrx_word' id='word_1_212' title='bbox 1555 2100 1765 2155; x_wconf 83' lang='grc' dir='ltr'>ἀπέκοψεν</span> 
     </span>
     <span class='ocr_line' id='line_1_30' title="bbox 322 2169 1039 2228; baseline 0 -16"><span class='ocrx_word' id='word_1_213' title='bbox 322 2185 414 2226; x_wconf 86' lang='grc'>149.</span> <span class='ocrx_word' id='word_1_214' title='bbox 448 2169 746 2228; x_wconf 87' lang='grc' dir='ltr'>ὀνειροπόλοιο]</span> <span class='ocrx_word' id='word_1_215' title='bbox 774 2172 1039 2224; x_wconf 85' lang='grc' dir='ltr'>ὀνειροκρίτου</span> 
     </span>
     <span class='ocr_line' id='line_1_31' title="bbox 191 2238 1794 2296; baseline -0.002 -13"><span class='ocrx_word' id='word_1_216' title='bbox 191 2258 240 2295; x_wconf 85' lang='lat'>30</span> <span class='ocrx_word' id='word_1_217' title='bbox 320 2252 414 2294; x_wconf 91' lang='grc'>150.</span> <span class='ocrx_word' id='word_1_218' title='bbox 450 2238 636 2296; x_wconf 85' lang='grc' dir='ltr'>&lt;τοῖσι&gt;]</span> <span class='ocrx_word' id='word_1_219' title='bbox 661 2242 815 2282; x_wconf 82' lang='grc' dir='ltr'>οἷστισι</span> <span class='ocrx_word' id='word_1_220' title='bbox 839 2241 892 2292; x_wconf 77' lang='grc' dir='ltr'>μὴ</span> <span class='ocrx_word' id='word_1_221' title='bbox 923 2242 1132 2282; x_wconf 82' lang='grc' dir='ltr'>ἐπανιοῦσι</span> <span class='ocrx_word' id='word_1_222' title='bbox 1162 2244 1230 2280; x_wconf 80' lang='grc' dir='ltr'>τοῦ</span> <span class='ocrx_word' id='word_1_223' title='bbox 1261 2240 1440 2291; x_wconf 89' lang='grc' dir='ltr'>πολέμου</span> <span class='ocrx_word' id='word_1_224' title='bbox 1463 2241 1483 2279; x_wconf 89' lang='grc' dir='ltr'>ὁ</span> <span class='ocrx_word' id='word_1_225' title='bbox 1503 2239 1632 2292; x_wconf 78' lang='grc' dir='ltr'>’γέρων</span> <span class='ocrx_word' id='word_1_226' title='bbox 1664 2239 1794 2291; x_wconf 83' lang='grc' dir='ltr'>ἔκρινε</span> 
     </span>
     <span class='ocr_line' id='line_1_32' title="bbox 259 2308 1794 2362; baseline -0.002 -11"><span class='ocrx_word' id='word_1_227' title='bbox 259 2310 349 2353; x_wconf 79' lang='grc' dir='ltr'>τοὺς</span> <span class='ocrx_word' id='word_1_228' title='bbox 385 2311 570 2362; x_wconf 81' lang='grc' dir='ltr'>ὀνείρους·</span> <span class='ocrx_word' id='word_1_229' title='bbox 619 2310 705 2350; x_wconf 83' lang='grc' dir='ltr'>ἔστι</span> <span class='ocrx_word' id='word_1_230' title='bbox 736 2312 812 2362; x_wconf 79' lang='grc' dir='ltr'>γὰρ</span> <span class='ocrx_word' id='word_1_231' title='bbox 844 2310 886 2351; x_wconf 78' lang='grc' dir='ltr'>ἓν</span> <span class='ocrx_word' id='word_1_232' title='bbox 917 2314 995 2350; x_wconf 86' lang='grc' dir='ltr'>τῶν</span> <span class='ocrx_word' id='word_1_233' title='bbox 1026 2311 1282 2360; x_wconf 58' lang='grc' dir='ltr'>ἀμφιβόλων</span> <span class='ocrx_word' id='word_1_234' title='bbox 1328 2308 1415 2359; x_wconf 85' lang='grc' dir='ltr'>ἤτοι</span> <span class='ocrx_word' id='word_1_235' title='bbox 1445 2326 1491 2361; x_wconf 82' lang='grc' dir='ltr'>γε</span> <span class='ocrx_word' id='word_1_236' title='bbox 1524 2309 1794 2359; x_wconf 84' lang='grc' dir='ltr'>ἐμαντεύσατο</span> 
     </span>
     <span class='ocr_line' id='line_1_33' title="bbox 262 2376 1792 2431; baseline -0.003 -10"><span class='ocrx_word' id='word_1_237' title='bbox 262 2378 312 2421; x_wconf 75' lang='grc' dir='ltr'>ὦς</span> <span class='ocrx_word' id='word_1_238' title='bbox 331 2379 398 2419; x_wconf 84' lang='grc' dir='ltr'>οὐκ</span> <span class='ocrx_word' id='word_1_239' title='bbox 418 2377 763 2431; x_wconf 84' lang='grc' dir='ltr'>ἐπανερχομένοις,</span> <span class='ocrx_word' id='word_1_240' title='bbox 781 2376 804 2428; x_wconf 83' lang='grc' dir='ltr'>ἢ</span> <span class='ocrx_word' id='word_1_241' title='bbox 823 2380 866 2419; x_wconf 88' lang='grc' dir='ltr'>ἐν</span> <span class='ocrx_word' id='word_1_242' title='bbox 882 2377 970 2428; x_wconf 86' lang='grc' dir='ltr'>ἤθει</span> <span class='ocrx_word' id='word_1_243' title='bbox 991 2377 1154 2430; x_wconf 83' lang='grc' dir='ltr'>λέγεται</span> <span class='ocrx_word' id='word_1_244' title='bbox 1172 2378 1258 2418; x_wconf 89' lang='grc' dir='ltr'>ἀντὶ</span> <span class='ocrx_word' id='word_1_245' title='bbox 1275 2381 1344 2418; x_wconf 81' lang='grc' dir='ltr'>τοῦ</span> <span class='ocrx_word' id='word_1_246' title='bbox 1361 2377 1422 2417; x_wconf 70' lang='grc' dir='ltr'>ςοὐ</span> <span class='ocrx_word' id='word_1_247' title='bbox 1440 2380 1606 2430; x_wconf 85' lang='grc' dir='ltr'>προεῖπε</span> <span class='ocrx_word' id='word_1_248' title='bbox 1628 2379 1693 2418; x_wconf 80' lang='grc' dir='ltr'>διὰ</span> <span class='ocrx_word' id='word_1_249' title='bbox 1713 2380 1792 2417; x_wconf 86' lang='grc' dir='ltr'>τῶν</span> 
     </span>
    </p>
   </div>
   <div class='ocr_carea' id='block_1_3' title="bbox 262 2443 1793 2571">
    <p class='ocr_par' dir='ltr' id='par_1_3' title="bbox 262 2443 1793 2571">
     <span class='ocr_line' id='line_1_34' title="bbox 262 2443 1793 2502; baseline -0.001 -15"><span class='ocrx_word' id='word_1_250' title='bbox 262 2448 438 2500; x_wconf 86' lang='grc' dir='ltr'>ὀνείρων,</span> <span class='ocrx_word' id='word_1_251' title='bbox 462 2448 522 2487; x_wconf 87' lang='grc' dir='ltr'>ὅτι</span> <span class='ocrx_word' id='word_1_252' title='bbox 545 2445 894 2498; x_wconf 78' lang='grc' dir='ltr'>ἀναιρεθήσονται’</span> <span class='ocrx_word' id='word_1_253' title='bbox 917 2445 1103 2490; x_wconf 67' lang='grc' dir='ltr'>ΑΖΒ-1·</span> <span class='ocrx_word' id='word_1_254' title='bbox 1241 2457 1331 2500; x_wconf 83' lang='grc'>155.</span> <span class='ocrx_word' id='word_1_255' title='bbox 1367 2443 1568 2502; x_wconf 79' lang='grc' dir='ltr'>ἐξαίνυτο]</span> <span class='ocrx_word' id='word_1_256' title='bbox 1596 2446 1793 2498; x_wconf 85' lang='grc' dir='ltr'>α’φείλετο</span> 
     </span>
     <span class='ocr_line' id='line_1_35' title="bbox 324 2512 1680 2571; baseline 0 -15"><span class='ocrx_word' id='word_1_257' title='bbox 324 2517 416 2568; x_wconf 87' lang='grc'>158.</span> <span class='ocrx_word' id='word_1_258' title='bbox 449 2513 655 2570; x_wconf 86' lang='grc' dir='ltr'>δατέοντο]</span> <span class='ocrx_word' id='word_1_259' title='bbox 679 2515 945 2567; x_wconf 79' lang='grc' dir='ltr'>διεμερίζοντο</span> <span class='ocrx_word' id='word_1_260' title='bbox 1126 2514 1220 2565; x_wconf 87' lang='lat'>164.</span> <span class='ocrx_word' id='word_1_261' title='bbox 1247 2512 1376 2571; x_wconf 83' lang='grc' dir='ltr'>βῆσε]</span> <span class='ocrx_word' id='word_1_262' title='bbox 1402 2517 1680 2566; x_wconf 84' lang='grc' dir='ltr'>κατεβίβασεν</span> 
     </span>
    </p>
   </div>
   <div class='ocr_carea' id='block_1_4' title="bbox 195 2581 1797 2985">
    <p class='ocr_par' dir='ltr' id='par_1_4' title="bbox 195 2581 1797 2985">
     <span class='ocr_line' id='line_1_36' title="bbox 195 2581 997 2645; baseline -0.001 -19"><span class='ocrx_word' id='word_1_263' title='bbox 195 2606 243 2645; x_wconf 85' lang='lat'>35</span> <span class='ocrx_word' id='word_1_264' title='bbox 326 2586 419 2638; x_wconf 89' lang='lat'>167.</span> <span class='ocrx_word' id='word_1_265' title='bbox 453 2585 502 2625; x_wconf 78' lang='grc' dir='ltr'>ἄν</span> <span class='ocrx_word' id='word_1_266' title='bbox 521 2602 564 2625; x_wconf 91' lang='grc' dir='ltr'>τε</span> <span class='ocrx_word' id='word_1_267' title='bbox 584 2581 739 2639; x_wconf 87' lang='grc' dir='ltr'>μάχην]</span> <span class='ocrx_word' id='word_1_268' title='bbox 764 2582 840 2624; x_wconf 84' lang='grc' dir='ltr'>ἀνά</span> <span class='ocrx_word' id='word_1_269' title='bbox 860 2601 903 2624; x_wconf 91' lang='grc' dir='ltr'>τε</span> <span class='ocrx_word' id='word_1_270' title='bbox 924 2582 997 2633; x_wconf 87' lang='grc' dir='ltr'>τήν</span> 
     </span>
     <span class='ocr_line' id='line_1_37' title="bbox 326 2649 1490 2708; baseline -0.001 -13"><span class='ocrx_word' id='word_1_271' title='bbox 326 2663 421 2707; x_wconf 87' lang='grc'>175.</span> <span class='ocrx_word' id='word_1_272' title='bbox 454 2654 498 2696; x_wconf 85' lang='grc' dir='ltr'>ὅς</span> <span class='ocrx_word' id='word_1_273' title='bbox 518 2670 577 2695; x_wconf 91' lang='grc' dir='ltr'>τις</span> <span class='ocrx_word' id='word_1_274' title='bbox 599 2653 666 2694; x_wconf 87' lang='grc' dir='ltr'>ὅδε</span> <span class='ocrx_word' id='word_1_275' title='bbox 688 2649 862 2708; x_wconf 84' lang='grc' dir='ltr'>κρατέει]</span> <span class='ocrx_word' id='word_1_276' title='bbox 887 2652 999 2694; x_wconf 87' lang='grc' dir='ltr'>ὅστις</span> <span class='ocrx_word' id='word_1_277' title='bbox 1020 2652 1119 2693; x_wconf 86' lang='grc' dir='ltr'>ποτέ</span> <span class='ocrx_word' id='word_1_278' title='bbox 1142 2655 1254 2694; x_wconf 85' lang='grc' dir='ltr'>ἐστιν</span> <span class='ocrx_word' id='word_1_279' title='bbox 1276 2653 1389 2695; x_wconf 74' lang='grc' dir='ltr'>οὗτος</span> <span class='ocrx_word' id='word_1_280' title='bbox 1410 2665 1490 2694; x_wconf 81' lang='lat' dir='ltr'>rec.</span> 
     </span>
     <span class='ocr_line' id='line_1_38' title="bbox 325 2719 981 2777; baseline -0.002 -14"><span class='ocrx_word' id='word_1_281' title='bbox 325 2723 419 2774; x_wconf 87' lang='lat'>178.</span> <span class='ocrx_word' id='word_1_282' title='bbox 454 2719 565 2777; x_wconf 82' lang='grc' dir='ltr'>ἱρῶν]</span> <span class='ocrx_word' id='word_1_283' title='bbox 590 2722 706 2762; x_wconf 82' lang='grc' dir='ltr'>ἕνεκα</span> <span class='ocrx_word' id='word_1_284' title='bbox 731 2724 809 2762; x_wconf 87' lang='grc' dir='ltr'>τῶν</span> <span class='ocrx_word' id='word_1_285' title='bbox 832 2723 981 2762; x_wconf 89' lang='grc' dir='ltr'>θυσιῶν</span> 
     </span>
     <span class='ocr_line' id='line_1_39' title="bbox 327 2787 1797 2846; baseline -0.001 -14"><span class='ocrx_word' id='word_1_286' title='bbox 327 2793 420 2834; x_wconf 82' lang='lat'>182.</span> <span class='ocrx_word' id='word_1_287' title='bbox 453 2787 669 2846; x_wconf 81' lang='grc' dir='ltr'>αὐλώπιδι]</span> <span class='ocrx_word' id='word_1_288' title='bbox 694 2790 888 2831; x_wconf 82' lang='grc' dir='ltr'>αὐλίσκον</span> <span class='ocrx_word' id='word_1_289' title='bbox 910 2790 1071 2845; x_wconf 86' lang='grc' dir='ltr'>ἐχούσῃ,</span> <span class='ocrx_word' id='word_1_290' title='bbox 1095 2790 1178 2830; x_wconf 84' lang='grc' dir='ltr'>καθ’</span> <span class='ocrx_word' id='word_1_291' title='bbox 1207 2789 1252 2832; x_wconf 80' lang='grc' dir='ltr'>ὃν</span> <span class='ocrx_word' id='word_1_292' title='bbox 1274 2789 1470 2843; x_wconf 83' lang='grc' dir='ltr'>πήγνυται</span> <span class='ocrx_word' id='word_1_293' title='bbox 1493 2790 1513 2829; x_wconf 89' lang='grc' dir='ltr'>ὁ</span> <span class='ocrx_word' id='word_1_294' title='bbox 1534 2791 1675 2842; x_wconf 90' lang='grc' dir='ltr'>λόφος,</span> <span class='ocrx_word' id='word_1_295' title='bbox 1699 2789 1748 2831; x_wconf 78' lang='grc' dir='ltr'>ἵν’</span> <span class='ocrx_word' id='word_1_296' title='bbox 1770 2789 1797 2845; x_wconf 82' lang='grc' dir='ltr'><em>ᾗ</em></span> 
     </span>
     <span class='ocr_line' id='line_1_40' title="bbox 268 2858 1796 2913; baseline -0.001 -11"><span class='ocrx_word' id='word_1_297' title='bbox 268 2862 372 2904; x_wconf 78' lang='grc' dir='ltr'>εἶδος</span> <span class='ocrx_word' id='word_1_298' title='bbox 389 2861 718 2913; x_wconf 85' lang='grc' dir='ltr'>περικεφαλαίας·</span> <span class='ocrx_word' id='word_1_299' title='bbox 756 2858 882 2911; x_wconf 84' lang='grc' dir='ltr'>φάλοι</span> <span class='ocrx_word' id='word_1_300' title='bbox 904 2858 947 2899; x_wconf 89' lang='grc' dir='ltr'>δέ</span> <span class='ocrx_word' id='word_1_301' title='bbox 964 2860 1068 2899; x_wconf 83' lang='grc' dir='ltr'>εἰσιν</span> <span class='ocrx_word' id='word_1_302' title='bbox 1090 2860 1127 2899; x_wconf 79' lang='grc' dir='ltr'>οἱ</span> <span class='ocrx_word' id='word_1_303' title='bbox 1154 2859 1252 2900; x_wconf 83' lang='grc' dir='ltr'>κατὰ</span> <span class='ocrx_word' id='word_1_304' title='bbox 1282 2858 1467 2910; x_wconf 88' lang='grc' dir='ltr'>μέτωπον</span> <span class='ocrx_word' id='word_1_305' title='bbox 1488 2861 1558 2909; x_wconf 86' lang='grc' dir='ltr'>τῆς</span> <span class='ocrx_word' id='word_1_306' title='bbox 1579 2864 1796 2912; x_wconf 88' lang='grc' dir='ltr'>περικεφα-</span> 
     </span>
     <span class='ocr_line' id='line_1_41' title="bbox 199 2926 976 2985; baseline -0.006 -12"><span class='ocrx_word' id='word_1_307' title='bbox 199 2949 250 2985; x_wconf 88' lang='lat'>40</span> <span class='ocrx_word' id='word_1_308' title='bbox 268 2932 386 2972; x_wconf 86' lang='grc' dir='ltr'>λαίας</span> <span class='ocrx_word' id='word_1_309' title='bbox 407 2933 554 2983; x_wconf 85' lang='grc' dir='ltr'>χρυσοῖ</span> <span class='ocrx_word' id='word_1_310' title='bbox 572 2929 676 2980; x_wconf 86' lang='grc' dir='ltr'>ἧλοι,</span> <span class='ocrx_word' id='word_1_311' title='bbox 699 2926 723 2979; x_wconf 85' lang='grc' dir='ltr'>ἢ</span> <span class='ocrx_word' id='word_1_312' title='bbox 747 2927 976 2980; x_wconf 86' lang='grc' dir='ltr'>ἀστερίσκοι</span> 
     </span>
    </p>
   </div>
   <div class='ocr_carea' id='block_1_5' title="bbox 329 3006 1744 3051">
    <p class='ocr_par' dir='ltr' id='par_1_5' title="bbox 329 3006 1744 3051">
     <span class='ocr_line' id='line_1_42' title="bbox 329 3006 1744 3051; baseline -0.002 -12"><span class='ocrx_word' id='word_1_313' title='bbox 329 3017 355 3051; x_wconf 83' lang='lat'>7.</span> <span class='ocrx_word' id='word_1_314' title='bbox 373 3009 429 3048; x_wconf 86' lang='grc' dir='ltr'>τῆς</span> <span class='ocrx_word' id='word_1_315' title='bbox 445 3007 590 3050; x_wconf 83' lang='grc' dir='ltr'>ἀληθείας</span> <span class='ocrx_word' id='word_1_316' title='bbox 615 3011 627 3047; x_wconf 88' lang='grc' dir='ltr'>ΙΙ</span> <span class='ocrx_word' id='word_1_317' title='bbox 654 3018 682 3049; x_wconf 88' lang='grc'>9.</span> <span class='ocrx_word' id='word_1_318' title='bbox 700 3007 851 3049; x_wconf 79' lang='lat' dir='ltr'>supplevi</span> <span class='ocrx_word' id='word_1_319' title='bbox 868 3018 908 3038; x_wconf 88' lang='lat' dir='ltr'>ex</span> <span class='ocrx_word' id='word_1_320' title='bbox 925 3007 953 3038; x_wconf 91' lang='lat' dir='ltr'>B</span> <span class='ocrx_word' id='word_1_321' title='bbox 978 3010 991 3045; x_wconf 94' lang='grc' dir='ltr'>ΙΙ</span> <span class='ocrx_word' id='word_1_322' title='bbox 1018 3016 1067 3047; x_wconf 82' lang='grc'>32.</span> <span class='ocrx_word' id='word_1_323' title='bbox 1086 3007 1388 3047; x_wconf 75' lang='grc' dir='ltr'>ἐπανελευσομένοις</span> <span class='ocrx_word' id='word_1_324' title='bbox 1404 3007 1435 3038; x_wconf 92' lang='lat' dir='ltr'>D</span> <span class='ocrx_word' id='word_1_325' title='bbox 1468 3011 1480 3045; x_wconf 80' lang='grc' dir='ltr'>ΙΙ</span> <span class='ocrx_word' id='word_1_326' title='bbox 1509 3006 1660 3038; x_wconf 84' lang='grc' dir='ltr'>λέλεκται</span> <span class='ocrx_word' id='word_1_327' title='bbox 1678 3007 1744 3037; x_wconf 92' lang='lat' dir='ltr'>AD</span> 
     </span>
    </p>
   </div>
  </div>
 </body>
</html>
