1939 3227
615 135 837 172 [ΛιΑΔοΣ
873 136 910 173 1),
945 131 1057 186 (17)
1519 132 1600 170 545

127 246 225 298 548.
258 245 357 287 κατὰ
380 243 542 302 κρῆθεν]
568 247 666 286 κατὰ
689 247 830 298 κρατός
1004 256 1101 298 554.
1133 244 1299 301 λάσιον]
1327 245 1496 287 συνετόν

126 314 224 368 558.
257 315 302 355 τὸ
323 317 397 365 μὲν
423 319 444 336 “
460 314 636 365 ἐσήλατο
651 314 673 328 ”
698 314 785 355 ἀντὶ
806 319 874 355 τοῦ
897 314 1111 366 ἐπήδησεν·
1165 313 1230 355 ἐπὶ
1258 318 1328 355 τοῦ
1343 313 1537 367 “Ἐκτορος
1558 316 1601 355 δὲ

67 382 137 438 (ΙΙ.
165 396 229 425 12.
251 384 356 438 438)
379 384 744 436 κρεῖσσον-οῧτος
774 385 850 437 γὰρ
879 383 1080 435 ἐπήδησεν
1103 385 1159 426 εἰς
1191 388 1234 424 τὸ
1267 384 1527 437 τεῖχος-ἐπὶ
1559 385 1603 424 δὲ

67 456 135 492 τοῦ
167 453 424 505 Σαρπηδόνος
455 453 500 493 τὸ
532 452 769 494 ἐσάλευσεν·
813 453 900 494 εἶπε
931 452 1007 506 γὰρ
1040 455 1180 493 ὄπιθεν
1210 456 1254 493 τὸ
1276 457 1296 473 “
1312 453 1534 505 Σαρπηδὼν
1565 451 1599 493 δ’

68 521 128 574 ἄρ’
154 520 324 572 ἔπαλξιν
345 521 519 572 λαβών”
543 520 616 577 (ib.
641 519 743 576 397)
764 521 851 565 Α-ὗ-
1623 532 1645 569 5

123 590 222 642 586.
245 592 288 630 ἐκ
310 594 378 630 τοῦ
396 590 459 631 ἰθύ
480 589 543 631 καὶ
560 594 628 630 τοῦ
649 590 767 642 μένος
784 590 995 642 Ἰθαμένης
1011 589 1074 631 καὶ
1094 589 1329 642 Ἰθαιμένης,
1353 590 1398 631 οὗ
1420 593 1464 631 τὸ
1485 589 1603 642 μένος

67 658 178 700 ἐστὶν
201 659 276 700 ἰθύ.
314 661 500 711 σημαίνει
523 661 565 701 δὲ
587 660 631 700 τὸ
654 661 780 711 ὄνομα
802 660 871 700 τὸν
893 660 1219 711 πολεμικώτατον

123 728 221 782 589.
254 726 445 785 ὅσ<σ>η]
471 730 601 780 ὁπόση
780 726 985 784 αἰγανέης]
1014 729 1196 770 ἀκοντίου

126 798 222 847 614.
255 795 503 854 πελεμίχθη]
530 798 697 849 ἐσείσθη

125 867 221 919 617.
255 868 343 919 τρία
376 869 458 918 εἴδη
492 866 699 920 ὀρχήσεως
728 868 912 920 πυρρίχη,
943 868 1122 915 σίκιννις,
1152 867 1238 917 ἥτις
1267 866 1380 908 ἐστὶν
1412 865 1600 919 ἱερατική,
1627 881 1675 906 10

66 934 130 976 καὶ
149 939 414 988 κορδακισμός
432 938 600 990 αἰσχρός
616 953 674 978 τις
693 936 747 977 ὢν
765 937 829 977 καὶ
846 939 1006 987 μᾶλλον
1024 936 1179 990 κωμικῷ
1199 936 1386 988 ἁρμόδιος
1404 949 1482 977 rec.
1504 935 1592 980 A÷

124 1005 220 1055 640.
255 1003 408 1061 εἴλυτο]
434 1004 679 1046 ἐκεκάλυπτο

123 1073 218 1125 685.
254 1071 483 1129 μετεκίαθε]
509 1074 725 1114 ἐπεδίωκεν

124 1143 223 1196 695.
255 1140 467 1199 Μεγάδην]
491 1142 579 1193 ἤτοι
602 1141 741 1195 Μέγου
764 1145 887 1182 παῖδα

126 1221 220 1263 714.
254 1209 419 1268 ἀλῆναι]
447 1213 728 1264 συστραφῆναι
1630 1225 1673 1262 15

125 1289 220 1335 723.
252 1278 546 1337 ἀπερωήσειας]
570 1279 876 1334 ὑποχωρήσειας
1047 1289 1140 1331 745.
1176 1281 1386 1332 εἰρωνικῶς

125 1351 221 1402 766.
255 1348 537 1406 πελεμιζέμεν]
563 1352 690 1391 σείειν
711 1349 932 1402 ταράσσειν

124 1421 221 1471 767.
256 1416 461 1474 κράνειαν]
486 1418 655 1471 κρανέαν

127 1497 220 1540 775.
255 1487 528 1541 στροφάλιγγι
552 1485 702 1543 κονίης]
726 1488 772 1542 τῇ
796 1488 1006 1543 συστροφῇ
1029 1489 1097 1537 τῆς
1118 1489 1191 1540 γῆς

126 1559 220 1609 776.
255 1558 480 1608 σημείωσαι
502 1556 572 1598 τὸν
594 1558 749 1610 στίχον,
774 1557 834 1596 ὅτι
857 1557 952 1598 ὅλος
980 1557 1216 1598 δακτυλικός
1625 1573 1676 1597 20

126 1628 222 1678 787.
257 1623 370 1682 ἔνθα]
396 1626 486 1666 τότε
664 1635 761 1679 793.
793 1621 921 1681 βάλε]
948 1625 1114 1677 ἔρριψεν

124 1695 221 1749 796.
254 1692 397 1751 πάρος]
423 1698 580 1747 πρῶτον
757 1694 853 1748 803.
887 1691 1151 1750 τερμιόεσσα]
1174 1693 1197 1744 ἡ
1222 1693 1396 1746 ποδήρης

125 1765 219 1805 806.
250 1760 520 1819 μετάφρενον]
545 1764 591 1803 τό

125 1832 221 1885 807.
256 1832 460 1885 Δάρδανος
481 1830 602 1888 ἀνήρ]
628 1833 648 1872 6
670 1832 748 1872 ἀπὸ
773 1829 982 1884 Δαρδάνου
1005 1831 1274 1884 καταγόμενος

124 1902 220 1943 810.
252 1899 402 1958 βῆσεν]
427 1903 706 1953 κατεβίβασεν
883 1900 977 1954 813.
1011 1896 1217 1956 δάμασσε]
1243 1901 1441 1952 ἐφόνευσε
1625 1920 1673 1956 25

126 1972 221 2013 822.
255 1971 397 2024 ἆχάχω
424 1970 472 2022 ἦν
494 1971 545 2013 ὡς
571 1970 650 2012 ἀπὸ
678 1974 747 2011 τοῦ
769 1970 867 2024 ἅχω·
903 1971 968 2010 διὰ
996 1970 1038 2010 δὲ
1067 1973 1111 2009 τὸ
1140 1971 1376 2022 κακόφωνον
1398 1968 1602 2022 ἐξεβλήθη

65 2041 108 2081 τὸ
130 2042 157 2094 χ
180 2041 244 2081 καὶ
267 2040 381 2091 ἐτέθη
404 2040 449 2079 τὸ
470 2040 491 2080 ἶ(

811 2197 848 2233 Ρ.

125 2289 164 2325 4.
198 2273 384 2331 πόρτακι]
417 2275 560 2330 νεογνῇ
588 2276 671 2326 βοί.
714 2276 851 2327 πόρτις
877 2274 899 2325 ἡ
929 2274 1050 2327 μικρὰ
1075 2278 1186 2326 βοῦς,
1218 2276 1324 2327 παρὰ
1350 2278 1393 2315 τὸ
1426 2274 1513 2327 ἄρτι
1546 2275 1602 2316 εἰς

67 2346 231 2395 πορείαν
255 2344 354 2385 ἰέναι
378 2344 441 2385 καί
464 2344 587 2395 νομήν
1483 2348 1492 2356 ²
1622 2371 1672 2408 30

123 2421 163 2463 5.
197 2410 352 2469 κινυρή]
377 2412 574 2464 ἆδυρτική,
597 2411 810 2464 θρηνητική
827 2412 914 2456 Α-ὓ-
1102 2409 1216 2468 πρίν]
1241 2415 1317 2465 πρὸ
1339 2416 1408 2452 τοῦ

124 2495 160 2534 9.
195 2481 358 2522 Πάνθου
380 2478 485 2537 υἱός]
511 2483 530 2521 ὁ
554 2481 771 2532 Εὔφορβος
787 2481 878 2520 A:

124 2547 358 2605 ἐυμμελίης]
382 2549 468 2600 ἤτοι
493 2551 513 2590 ὁ
537 2549 639 2590 καλὰ
670 2550 772 2601 μέλη
797 2551 902 2604 ἔχων
925 2549 988 2591 καὶ
1021 2551 1231 2603 εὔμορφος,
1254 2549 1277 2601 ἢ
1303 2551 1323 2590 ὁ
1346 2550 1387 2591 εὖ
1409 2551 1455 2605 τῇ
1480 2551 1601 2605 μελίᾳ

65 2620 282 2673 χρώμενος,
305 2619 521 2669 πολεμικὸς
544 2619 721 2670 ἀνδρεῖος
744 2620 1005 2672 ἰσχυρότατος

125 2700 250 2741 20—3.
284 2688 473 2736 ὁμοίωσις
496 2685 542 2737 ἐξ
561 2688 758 2738 ἀνομοίων
1621 2712 1670 2750 35

125 2764 192 2807 25.
224 2753 431 2810 ὑπέμεινε]
457 2757 522 2796 ἐπὶ
544 2757 667 2795 τόπου
844 2766 912 2811 35.
944 2753 1118 2811 γνωτόν]
1143 2757 1325 2807 ἀδελφόν

114 2858 162 2880 10.
190 2849 351 2879 ‘debebat
369 2847 539 2887 σατυρική’
557 2849 600 2878 W
627 2853 638 2886 Η
669 2857 715 2887 14.
741 2848 811 2888 ἤτοι
831 2850 890 2881 W:
915 2849 935 2888 ὴ
951 2849 1008 2879 τοῦ
1035 2853 1047 2885 Η
1078 2849 1126 2880 16.
1150 2848 1388 2888 ὑποχωρήσεως
1405 2849 1456 2880 D:
1480 2848 1600 2888 ὑπεχώ-

66 2904 163 2933 ρησας
191 2898 203 2930 Η
231 2897 310 2922 ante
335 2892 389 2931 εἷρ.
415 2903 481 2922 non
506 2893 631 2923 exhrico
655 2894 779 2932 τῖρὀα.
794 2918 800 2924 .
817 2918 835 2929 .,
853 2894 870 2923 ὁ
896 2892 1082 2933 Πάτροκλος
1106 2893 1189 2923 coni.
1207 2893 1249 2922 W
1277 2896 1289 2930 Η
1316 2893 1357 2922 ad
1375 2903 1406 2923 v.
1425 2899 1485 2933 747
1503 2892 1601 2931 τήθεα

65 2936 180 2977 διψῶν]
201 2937 460 2975 superscriptum
479 2936 612 2966 videtur
628 2938 786 2975 χυβευων,
800 2941 835 2967 at
852 2937 986 2968 litterae
1004 2936 1101 2966 valde
1117 2937 1264 2967 incertae
1287 2940 1299 2973 ΙΙ
1329 2945 1376 2966 22.
1394 2937 1531 2976 ποδήρης
1548 2937 1599 2968 D:

66 2979 225 3019 ποδάρκης
241 2979 305 3019 legi
334 2982 344 3015 ΙΙ
375 2979 422 3009 26.
445 2977 556 3017 ἀκάχω
572 2978 614 3009 ἔνι
633 2980 671 3009 ὡς

123 3047 212 3074 voL.
240 3047 292 3073 Vl.
791 3046 816 3072 N
844 3049 870 3073 n
