1939 3227
636 127 860 165 ιΛιΑΔοΣ
895 127 938 164 Β.
971 121 1055 177 (2)
1535 120 1619 159 497

86 242 246 293 φαίνειν
288 243 352 283 καὶ
399 241 757 294 σαφηνίζειν-τὸ
794 241 870 294 γὰρ
911 238 1056 279 λευκὸν
1098 239 1222 292 ἀργὸν
1265 236 1434 278 ἐκάλουν
1470 235 1508 275 οἱ
1544 250 1621 275 πα-

82 309 285 362 λαιοί-ἦ
328 312 406 352 ἀπὸ
448 313 517 362 τῆς
559 312 657 351 κατὰ
700 306 793 365 [τὴν
830 308 970 361 φωνὴν
1003 304 1300 364 ταχυτ]ῆτο[ς]·
1353 306 1417 346 καὶ
1458 305 1534 357 γὰρ
1575 307 1620 343 τὸ

83 380 186 433 ταχὺ
218 380 341 433 ἀργὸν
368 379 541 433 λέγεται.
582 380 856 433 χρυσόρραπις
885 379 928 418 δὲ
960 376 1136 430 λέγεται,
1161 377 1222 416 ὅτι
1255 374 1475 425 πολύτιμός
1508 375 1622 414 ἐστιν

84 449 105 488 6
128 448 176 500 ἐξ
194 449 312 490 αὐτοῦ
332 450 546 502 ραπισμός·
579 450 619 489 αἱ
648 448 724 501 γὰρ
751 447 925 500 εὔκαιροι
958 447 1166 486 νουθεσίαι
1191 447 1350 485 πολλοῦ
1373 442 1484 494 ἄξιαί
1505 443 1620 483 εἰσιν.

83 517 247 570 λέγεται
280 520 321 558 δὲ
354 519 418 559 καὶ
442 516 563 570 κῆρυξ
592 520 705 566 θεῶν,
729 517 793 557 καὶ
824 514 1085 568 διαγγέλλειν
1107 513 1226 555 αὐτὸν
1249 513 1430 566 [ἔφασαν
1451 511 1500 552 τὰ
1531 510 1621 563 παρ’

85 587 249 628 ἐκείνων
284 584 386 642 τοῖς]
419 587 655 638 ἀνθρώποις,
694 583 816 638 κῆρυξ
844 586 917 636 μὲν
950 584 1012 624 ὅτι
1045 582 1110 624 διὰ
1148 584 1286 634 φωνῆς
1317 581 1512 633 μεγίστης
1547 596 1622 620 πα-

83 655 204 709 ριστᾷ
232 655 282 695 τὰ
309 657 408 695 κατὰ
439 659 508 696 τὸν
534 656 661 708 λόγον
687 654 963 706 σημαινόμενα
994 655 1080 695 ταῖς
1114 653 1263 700 ἀκοαῖς,
1286 650 1461 703 ἄγγελος
1482 650 1525 690 δὲ
1547 652 1625 689 τῶν

85 727 187 766 θεῶν
218 725 305 765 ἐπεὶ
338 724 383 764 τὸ
412 724 602 776 βούλημα
635 727 712 764 τῶν
746 726 848 764 θεῶν
884 722 1139 775 γινώσκομεν
1172 722 1215 761 ἐκ
1249 723 1327 761 τῶν
1359 717 1626 769 ἐνδεδομένων

84 793 179 845 ἡμῖν
197 796 295 834 κατὰ
314 791 402 849 [τὸν
416 794 542 846 λόγον
565 795 739 835 ἐννοιῶν.
779 796 898 845 φορεῖ
914 795 956 833 δὲ
971 791 1118 832 πέδιλα
1135 787 1340 846 πτερω]τὰ
1359 789 1423 829 καὶ
1445 787 1493 829 δι’
1511 786 1626 839 ἀέρος

85 862 263 916 φέρεται·
307 863 488 916 πτερόεις
519 863 595 916 γὰρ
629 864 648 902 ὁ
680 863 817 915 λόγος.
874 862 1034 902 διδόασι
1067 861 1109 901 δὲ
1141 859 1244 914 αὐτῷ
1279 859 1344 899 καὶ
1379 856 1546 911 ῥάβδον,
1575 855 1624 913 (ᾗ

84 931 224 985 θέλγει
245 934 294 972 τὰ
321 933 476 983 ὄμματα
499 936 576 973 τῶν
600 930 837 983 ἀνθρώπων’
862 929 884 981 ἢ
912 932 980 972 τὰς
1009 930 1200 971 διανοίας.
1237 926 1457 969 πλάττεται
1489 927 1532 967 δὲ
1563 926 1627 966 καὶ

85 1000 209 1042 ἄπους
241 1001 306 1041 καὶ
337 1001 451 1054 ἄχειρ
481 1001 545 1041 καὶ
576 999 835 1053 τετράγωνος,
869 998 1117 1052 τετράγωνος
1146 999 1220 1048 μὲν
1256 995 1339 1053 [ὅτι
1372 999 1526 1048 ἑδραῖος
1563 996 1627 1035 καὶ

87 1068 289 1122 ἀσφαλής,
321 1069 438 1123 ἄχειρ
471 1069 532 1123 δὲ]
566 1070 630 1110 καὶ
663 1069 791 1111 ἄπους
822 1069 884 1108 ὅτι
917 1067 1006 1108 οὔτε
1037 1070 1186 1120 χειρῶν
1218 1066 1308 1106 οὔτε
1340 1068 1474 1105 ποδῶν
1502 1066 1628 1104 δεῖται

86 1140 143 1180 εἷς
178 1139 222 1178 τὸ
259 1139 393 1179 ἀνύειν
425 1142 469 1178 τὸ
508 1139 636 1191 ἔργον.
681 1137 852 1190 ἱδρύεται
885 1137 927 1177 δὲ
965 1136 1030 1176 καὶ
1066 1136 1110 1176 ἐν
1141 1136 1227 1177 ταῖς
1260 1135 1377 1184 ὁδοῖς,
1410 1134 1498 1174 ἐπεὶ
1529 1132 1628 1185 πρὸς

85 1210 223 1249 πᾶσαν
253 1207 399 1260 πρᾶξιν
419 1207 586 1260 ἡγεμόνι
616 1207 718 1261 αὐτῷ
747 1206 948 1260 χρώμεθα.
990 1205 1078 1246 ἐπεὶ
1100 1205 1143 1245 δὲ
1166 1203 1296 1245 κοινὸς
1319 1203 1383 1243 καὶ
1405 1202 1626 1255 ἀνθρώπων

86 1277 150 1317 καὶ
177 1279 290 1325 θεῶν,
320 1275 383 1317 καὶ
413 1276 546 1318 κοινὸν
577 1275 739 1329 ἕρμαιον
769 1272 970 1330 λέγετ[αι.
1009 1272 1291 1326 προσάπτουσι
1314 1274 1357 1313 δὲ
1381 1270 1467 1328 κ]αὶ
1488 1272 1626 1313 λίθους

88 1342 182 1402 [τῷ]
216 1346 356 1386 τούτου
384 1345 598 1399 ἀγάλματι,
631 1348 845 1395 δηλοῦντες
881 1343 933 1386 ὡς
970 1344 1012 1383 ἐκ
1049 1346 1199 1394 μικρῶν
1229 1345 1360 1394 μερῶν
1392 1341 1628 1381 συνίσταται

88 1417 108 1455 ὁ
131 1416 376 1469 προφορικὸς
398 1417 521 1469 λόγος
543 1414 736 1470 (Cornut.
760 1413 838 1454 Th.
862 1427 894 1453 c.
921 1413 972 1453 16
997 1427 1034 1466 p.
1061 1424 1113 1453 20
1137 1426 1222 1465 sqq.
1248 1410 1316 1466 L.)

149 1485 243 1525 106.
278 1482 493 1541 πολύαρνι]
536 1482 749 1538 πολυάρνῳ
774 1483 952 1536 ὤφειλεν
976 1483 1054 1522 ἀπὸ
1085 1484 1155 1521 τοῦ
1184 1481 1421 1533 πολύαρνος·
1452 1480 1516 1521 καὶ
1540 1479 1628 1520 ἔστι

88 1555 152 1595 καὶ
174 1557 289 1594 τοῦτο
310 1554 601 1605 μεταπλασμός

152 1636 244 1664 112.
282 1623 557 1677 <σχέτλιος>]
590 1624 610 1664 6
637 1626 706 1664 τοῦ
730 1622 988 1677 σχετλιάζειν
1018 1622 1082 1662 καὶ
1111 1623 1341 1673 δυσφημεῖν
1363 1619 1454 1662 τοὺς
1477 1619 1629 1672 ἀνθρώ·

87 1709 186 1734 πους
207 1693 345 1739 αἴτιος,
370 1693 390 1732 ὁ
413 1693 542 1734 λύπας
565 1691 697 1733 αὐτοῖς
719 1690 849 1733 διδούς
869 1690 961 1730 A—

149 1770 241 1800 122.
273 1755 634 1815 <παυροτέροισι>]
674 1759 711 1798 οἱ
748 1758 821 1808 μὲν
856 1759 932 1810 γὰρ
964 1759 1099 1810 Τρῶες
1134 1756 1258 1809 χωρὶς
1294 1759 1373 1796 τῶν
1409 1753 1630 1804 ἐπικούρων

87 1827 193 1879 ἦσαν
210 1829 360 1883 ἀριθμῷ
377 1827 562 1881 μυριάδες
579 1827 699 1869 πέντε
722 1825 791 1881 (Il.
818 1826 854 1866 8.
879 1825 997 1881 562),
1019 1826 1064 1866 τὸ
1082 1828 1125 1867 δὲ
1142 1829 1220 1866 τῶν
1236 1823 1451 1875 (Ελλήνων
1471 1823 1630 1874 πλῆθός

87 1913 192 1939 τινες
213 1897 286 1948 μέν
309 1902 413 1949 φασι
434 1896 625 1949 μυριάδας
649 1894 719 1947 ιβ’,
741 1896 863 1936 ἄλλοι
885 1896 928 1936 δὲ
951 1893 999 1935 ιδ’
1021 1895 1111 1934 A=

149 1979 241 2020 129.
273 1963 484 2022 ταμόντες]
509 1965 556 2006 δι’
582 1967 757 2015 ἐντομῶν
779 1963 1046 2015 ποιησάμενοι

150 2048 243 2089 131.
268 2031 603 2090 <ἐγχέσπαλοι>]
630 2036 667 2074 οἱ
690 2033 918 2075 πάλλοντες
941 2032 1005 2073 καὶ
1029 2035 1229 2074 κινοῦντες
1250 2033 1299 2071 τὰ
1322 2032 1483 2083 δόρατα,
1505 2036 1629 2071 πολε-

87 2106 216 2157 μικοί·
251 2105 387 2146 ἔσειον
423 2105 465 2144 δὲ
502 2104 601 2144 αὐτὰ
633 2102 709 2155 πρὸ
751 2105 820 2153 τῆς
856 2101 1054 2154 ἀφέσεως,
1084 2100 1137 2153 μή
1169 2118 1267 2142 ποτε
1303 2101 1379 2153 ἄρα
1416 2100 1498 2142 εἶεν
1533 2104 1629 2140 κλα-

89 2173 238 2215 σθέντα
259 2173 350 2212 A=

152 2250 246 2293 145.
279 2245 300 2262 ‘⁶
320 2242 458 2295 εὓρος’

195 2311 205 2325 N
732 2310 742 2325 ²

90 2312 110 2351 6
133 2312 211 2352 ἀπο
232 2312 500 2364 μεσημβρίας,
520 2314 540 2332 “
556 2311 728 2364 βορρᾶς’

153 2389 245 2434 153.
281 2378 499 2437 <οὐρούς>]
525 2383 745 2432 ταφροειδῆ
777 2380 991 2433 ὀρύγματα,
1015 2377 1064 2420 δι’
1088 2380 1142 2420 ὧν
1174 2379 1214 2419 αἱ
1248 2381 1338 2430 νῆες
1371 2377 1630 2419 καθέλκονται

462 2242 471 2256 ’

497 2243 517 2282 ὁ
540 2242 618 2282 ἀπὸ
644 2243 845 2292 ἀνατολῆς
866 2240 1011 2289 πνέων,
1037 2241 1057 2280 6
1081 2240 1145 2281 καὶ
1169 2239 1413 2290 ἀπηλιώτης,
1437 2243 1458 2261 “
1477 2237 1628 2281 νότος”

767 2312 786 2350 ὁ
810 2312 888 2351 ἀπὸ
915 2310 1058 2362 ἄρκτου

91 2451 147 2491 εἷς
170 2450 241 2500 τὴν
264 2448 480 2499 θάλατταν,
504 2448 527 2499 ἢ
550 2450 621 2491 τὰς
643 2450 807 2492 ἀντλίας
828 2449 917 2488 Α-

153 2528 247 2570 154.
280 2519 357 2559 ὑπὸ
380 2518 411 2559 δ’
435 2518 572 2574 ᾕρεον]
595 2520 774 2574 ὑφῄρουν
793 2519 884 2558 A:
1074 2514 1243 2572 ἕρματα]
1269 2516 1485 2569 ἐρείσματα
1504 2515 1591 2559 A÷

153 2597 246 2639 155.
282 2587 562 2640 <ὑπέρμορα>]
597 2588 694 2639 ὑπὲρ
730 2587 775 2627 τὸ
807 2589 1025 2639 προσῆκον,
1047 2587 1145 2638 ὑπὲρ
1176 2586 1221 2626 τὸ
1254 2584 1503 2637 εἱμαρμένον·
1540 2584 1629 2625 ὀνο-

90 2656 256 2708 ματικὸν
292 2657 499 2708 ἐπίρρημα,
533 2658 670 2709 ὥσπερ
707 2655 771 2697 καὶ
806 2656 851 2697 τὸ
884 2655 975 2697 δέον
1007 2655 1215 2707 οὐδέτερον
1246 2654 1332 2695 ἀντὶ
1364 2656 1432 2693 τοῦ
1463 2653 1631 2694 δεόντως

94 2725 284 2767 Ἀττικῶς
307 2724 669 2776 παραλαμβάνεται
691 2725 782 2764 A—

157 2794 247 2846 169.
281 2790 526 2850 ἀτάλαντον]
552 2793 819 2835 ἷσοτάλαντον

142 2979 166 3000 1.
184 2969 333 3010 ἀργενὸν,
347 2971 386 3002 cf.
400 2971 420 3001 1.
437 2980 454 3010 3
474 2975 485 3007 ΙΙ
509 2980 556 3002 ῐο.
569 2969 601 3002 δὲ
615 2971 766 3003 Bekker:
782 2970 844 3013 ’γὰρ
863 2976 875 3010 ΙΙ
899 2982 946 3014 19.
963 2973 983 3011 ἡ
995 2977 1074 3003 ante
1086 2969 1252 3010 πολυάρνῳ
1265 2969 1358 3000 omisi
1378 2972 1390 3006 ΙΙ
1413 2977 1461 3008 23.
1479 2971 1532 3008 Tp.
1550 2968 1579 2998 οἱ
1595 2979 1629 3008 χ.

95 3018 107 3051 ΙΙ
127 3024 177 3054 34.
204 3013 375 3054 ἐρείσματα
394 3026 457 3045 non
475 3020 601 3046 certum

155 3082 247 3108 vot„
273 3081 328 3108 vl.
829 3083 851 3109 K
878 3071 904 3109 k

1643 517 1665 554 5

1649 866 1696 891 10

1649 1556 1699 1581 20

1651 2248 1702 2284 30

1652 2588 1700 2627 35
