<?xml version="1.0" encoding="UTF-8"?>
<!DOCTYPE html PUBLIC "-//W3C//DTD XHTML 1.0 Transitional//EN"
    "http://www.w3.org/TR/xhtml1/DTD/xhtml1-transitional.dtd">
<html xmlns="http://www.w3.org/1999/xhtml" xml:lang="en" lang="en">
 <head>
  <title>
</title>
<meta http-equiv="Content-Type" content="text/html;charset=utf-8" />
  <meta name='ocr-system' content='tesseract 3.04.00' />
  <meta name='ocr-capabilities' content='ocr_page ocr_carea ocr_par ocr_line ocrx_word'/>
</head>
<body>
  <div class='ocr_page' id='page_1' title='image "./scholiagraecainh06homeuoft_0573.png"; bbox 0 0 1939 3227; ppageno 0'>
   <div class='ocr_carea' id='block_1_1' title="bbox 607 91 1597 148">
    <p class='ocr_par' dir='ltr' id='par_1_1' title="bbox 607 91 1597 148">
     <span class='ocr_line' id='line_1_1' title="bbox 607 91 1597 148; baseline -0.001 -16"><span class='ocrx_word' id='word_1_1' title='bbox 607 94 834 132; x_wconf 67' lang='grc' dir='ltr'>ΙΛιΑΔοΣ</span> <span class='ocrx_word' id='word_1_2' title='bbox 865 96 911 134; x_wconf 90' lang='lat' dir='ltr'>T.</span> <span class='ocrx_word' id='word_1_3' title='bbox 944 91 1059 148; x_wconf 84' lang='lat'>(19)</span> <span class='ocrx_word' id='word_1_4' title='bbox 1516 91 1597 131; x_wconf 89' lang='lat'>551</span> 
     </span>
    </p>
   </div>
   <div class='ocr_carea' id='block_1_2' title="bbox 68 205 1601 262">
    <p class='ocr_par' dir='ltr' id='par_1_2' title="bbox 68 205 1601 262">
     <span class='ocr_line' id='line_1_2' title="bbox 68 205 1601 262; baseline -0.001 -16"><span class='ocrx_word' id='word_1_5' title='bbox 68 210 164 253; x_wconf 84' lang='grc' dir='ltr'>λῶν,</span> <span class='ocrx_word' id='word_1_6' title='bbox 195 206 291 247; x_wconf 88' lang='grc' dir='ltr'>ὅταν</span> <span class='ocrx_word' id='word_1_7' title='bbox 319 223 379 248; x_wconf 91' lang='grc' dir='ltr'>τις</span> <span class='ocrx_word' id='word_1_8' title='bbox 413 205 624 257; x_wconf 77' lang='grc' dir='ltr'>ἱστάμενος</span> <span class='ocrx_word' id='word_1_9' title='bbox 652 205 706 256; x_wconf 80' lang='grc' dir='ltr'>μὴ</span> <span class='ocrx_word' id='word_1_10' title='bbox 740 206 994 262; x_wconf 81' lang='grc' dir='ltr'>ἀποσκελίσῃ</span> <span class='ocrx_word' id='word_1_11' title='bbox 1028 206 1119 246; x_wconf 84' lang='grc' dir='ltr'>ἀλλ’</span> <span class='ocrx_word' id='word_1_12' title='bbox 1145 208 1305 257; x_wconf 81' lang='grc' dir='ltr'>ῖστῆται</span> <span class='ocrx_word' id='word_1_13' title='bbox 1335 206 1526 257; x_wconf 86' lang='grc' dir='ltr'>βεβηκὼς</span> <span class='ocrx_word' id='word_1_14' title='bbox 1557 206 1601 245; x_wconf 86' lang='grc' dir='ltr'>ἐν</span> 
     </span>
    </p>
   </div>
   <div class='ocr_carea' id='block_1_3' title="bbox 67 272 1602 330">
    <p class='ocr_par' dir='ltr' id='par_1_3' title="bbox 67 272 1602 330">
     <span class='ocr_line' id='line_1_3' title="bbox 67 272 1602 330; baseline -0.001 -15"><span class='ocrx_word' id='word_1_15' title='bbox 67 274 126 316; x_wconf 84' lang='grc' dir='ltr'>ἑνὶ</span> <span class='ocrx_word' id='word_1_16' title='bbox 147 275 269 330; x_wconf 81' lang='grc' dir='ltr'>τόπῳ·</span> <span class='ocrx_word' id='word_1_17' title='bbox 300 273 324 326; x_wconf 88' lang='grc' dir='ltr'>ἢ</span> <span class='ocrx_word' id='word_1_18' title='bbox 347 273 645 316; x_wconf 88' lang='grc' dir='ltr'>πολυσκελέως·</span> <span class='ocrx_word' id='word_1_19' title='bbox 677 272 701 324; x_wconf 87' lang='grc' dir='ltr'>ἢ</span> <span class='ocrx_word' id='word_1_20' title='bbox 734 278 931 326; x_wconf 87' lang='grc' dir='ltr'>σκληρῶς·</span> <span class='ocrx_word' id='word_1_21' title='bbox 964 275 1011 325; x_wconf 83' lang='grc' dir='ltr'>ἐξ</span> <span class='ocrx_word' id='word_1_22' title='bbox 1034 276 1078 316; x_wconf 82' lang='grc' dir='ltr'>οὗ</span> <span class='ocrx_word' id='word_1_23' title='bbox 1101 275 1145 316; x_wconf 88' lang='grc' dir='ltr'>τὸ</span> <span class='ocrx_word' id='word_1_24' title='bbox 1168 276 1359 317; x_wconf 87' lang='grc' dir='ltr'>σκελετός</span> <span class='ocrx_word' id='word_1_25' title='bbox 1381 274 1425 316; x_wconf 85' lang='grc' dir='ltr'>τὸ</span> <span class='ocrx_word' id='word_1_26' title='bbox 1449 278 1602 327; x_wconf 85' lang='grc' dir='ltr'>κοῦφον</span> 
     </span>
    </p>
   </div>
   <div class='ocr_carea' id='block_1_4' title="bbox 66 343 1672 1090">
    <p class='ocr_par' dir='ltr' id='par_1_4' title="bbox 66 343 1672 1090">
     <span class='ocr_line' id='line_1_4' title="bbox 66 343 269 396; baseline 0.005 -13"><span class='ocrx_word' id='word_1_27' title='bbox 66 343 269 396; x_wconf 80' lang='grc' dir='ltr'>λείψανον</span> 
     </span>
     <span class='ocr_line' id='line_1_5' title="bbox 128 409 1599 468; baseline 0.001 -16"><span class='ocrx_word' id='word_1_28' title='bbox 128 412 194 467; x_wconf 88' lang='grc'>83.</span> <span class='ocrx_word' id='word_1_29' title='bbox 229 409 474 468; x_wconf 84' lang='grc' dir='ltr'>ἐνδείξομαι]</span> <span class='ocrx_word' id='word_1_30' title='bbox 501 411 589 463; x_wconf 82' lang='grc' dir='ltr'>ἤτοι</span> <span class='ocrx_word' id='word_1_31' title='bbox 618 411 690 463; x_wconf 76' lang='grc' dir='ltr'>τὴν</span> <span class='ocrx_word' id='word_1_32' title='bbox 712 412 913 454; x_wconf 86' lang='grc' dir='ltr'>ἀπότασιν</span> <span class='ocrx_word' id='word_1_33' title='bbox 943 416 1021 453; x_wconf 80' lang='grc' dir='ltr'>τῶν</span> <span class='ocrx_word' id='word_1_34' title='bbox 1051 414 1186 466; x_wconf 87' lang='grc' dir='ltr'>λόγων</span> <span class='ocrx_word' id='word_1_35' title='bbox 1208 413 1306 466; x_wconf 86' lang='grc' dir='ltr'>πρὸς</span> <span class='ocrx_word' id='word_1_36' title='bbox 1337 412 1457 454; x_wconf 84' lang='grc' dir='ltr'>αὐτὸν</span> <span class='ocrx_word' id='word_1_37' title='bbox 1483 410 1599 463; x_wconf 88' lang='grc' dir='ltr'>ποιή-</span> 
     </span>
     <span class='ocr_line' id='line_1_6' title="bbox 66 481 1643 537; baseline 0 -16"><span class='ocrx_word' id='word_1_38' title='bbox 66 498 190 533; x_wconf 90' lang='grc' dir='ltr'>σομαι</span> <span class='ocrx_word' id='word_1_39' title='bbox 210 481 250 520; x_wconf 91' lang='grc' dir='ltr'><strong>Α</strong></span> <span class='ocrx_word' id='word_1_40' title='bbox 263 491 296 526; x_wconf 62' lang='grc'>-1-</span> <span class='ocrx_word' id='word_1_41' title='bbox 311 481 346 521; x_wconf 90' lang='grc' dir='ltr'>Β</span> <span class='ocrx_word' id='word_1_42' title='bbox 358 500 398 517; x_wconf 78' lang='lat' dir='ltr'><strong><em>z</em></strong></span> <span class='ocrx_word' id='word_1_43' title='bbox 1621 498 1643 537; x_wconf 90' lang='lat'>5</span> 
     </span>
     <span class='ocr_line' id='line_1_7' title="bbox 125 547 1590 607; baseline 0.001 -17"><span class='ocrx_word' id='word_1_44' title='bbox 125 562 192 601; x_wconf 84' lang='lat'>91.</span> <span class='ocrx_word' id='word_1_45' title='bbox 225 547 362 606; x_wconf 79' lang='grc' dir='ltr'>ἀᾶται]</span> <span class='ocrx_word' id='word_1_46' title='bbox 386 550 565 602; x_wconf 82' lang='grc' dir='ltr'>βλάπτει</span> <span class='ocrx_word' id='word_1_47' title='bbox 743 564 809 605; x_wconf 92' lang='grc'>93.</span> <span class='ocrx_word' id='word_1_48' title='bbox 842 548 1052 607; x_wconf 81' lang='grc' dir='ltr'>πίλναται]</span> <span class='ocrx_word' id='word_1_49' title='bbox 1077 551 1293 602; x_wconf 78' lang='grc' dir='ltr'>ἐπιβαίνει,</span> <span class='ocrx_word' id='word_1_50' title='bbox 1317 549 1590 603; x_wconf 79' lang='grc' dir='ltr'>προσπελάζει</span> 
     </span>
     <span class='ocr_line' id='line_1_8' title="bbox 128 617 1458 676; baseline 0.001 -18"><span class='ocrx_word' id='word_1_51' title='bbox 128 628 220 672; x_wconf 87' lang='grc'>115.</span> <span class='ocrx_word' id='word_1_52' title='bbox 252 617 347 676; x_wconf 84' lang='grc' dir='ltr'>ᾔδη]</span> <span class='ocrx_word' id='word_1_53' title='bbox 372 620 570 670; x_wconf 88' lang='grc' dir='ltr'>ἠπίστατο</span> <span class='ocrx_word' id='word_1_54' title='bbox 752 629 845 671; x_wconf 89' lang='lat'>117.</span> <span class='ocrx_word' id='word_1_55' title='bbox 879 617 1003 676; x_wconf 83' lang='grc' dir='ltr'>ἐκύει]</span> <span class='ocrx_word' id='word_1_56' title='bbox 1029 619 1127 660; x_wconf 82' lang='grc' dir='ltr'>κατὰ</span> <span class='ocrx_word' id='word_1_57' title='bbox 1148 623 1325 672; x_wconf 85' lang='grc' dir='ltr'>γαστρὸς</span> <span class='ocrx_word' id='word_1_58' title='bbox 1347 620 1458 673; x_wconf 79' lang='grc' dir='ltr'>εἶχεν</span> 
     </span>
     <span class='ocr_line' id='line_1_9' title="bbox 127 687 1079 745; baseline 0.002 -18"><span class='ocrx_word' id='word_1_59' title='bbox 127 701 220 742; x_wconf 82' lang='grc'>149.</span> <span class='ocrx_word' id='word_1_60' title='bbox 254 687 535 745; x_wconf 80' lang='grc' dir='ltr'>κλοτοπεύειν]</span> <span class='ocrx_word' id='word_1_61' title='bbox 559 689 826 731; x_wconf 81' lang='grc' dir='ltr'>ὑποκλέπτειν</span> <span class='ocrx_word' id='word_1_62' title='bbox 848 693 918 731; x_wconf 88' lang='grc' dir='ltr'>τὸν</span> <span class='ocrx_word' id='word_1_63' title='bbox 941 690 1079 741; x_wconf 89' lang='grc' dir='ltr'>καιρόν</span> 
     </span>
     <span class='ocr_line' id='line_1_10' title="bbox 128 755 1299 815; baseline 0.001 -18"><span class='ocrx_word' id='word_1_64' title='bbox 128 767 218 810; x_wconf 90' lang='grc'>150.</span> <span class='ocrx_word' id='word_1_65' title='bbox 253 756 438 815; x_wconf 82' lang='grc' dir='ltr'>ἄρεκτον]</span> <span class='ocrx_word' id='word_1_66' title='bbox 463 759 666 811; x_wconf 82' lang='grc' dir='ltr'>ἄπρακτον</span> <span class='ocrx_word' id='word_1_67' title='bbox 789 767 881 810; x_wconf 83' lang='lat'>151.</span> <span class='ocrx_word' id='word_1_68' title='bbox 912 755 1113 814; x_wconf 83' lang='grc' dir='ltr'>Ἀχιλῆα]</span> <span class='ocrx_word' id='word_1_69' title='bbox 1138 759 1206 809; x_wconf 82' lang='grc' dir='ltr'>ἐμὲ</span> <span class='ocrx_word' id='word_1_70' title='bbox 1228 758 1299 798; x_wconf 92' lang='grc' dir='ltr'>τόν</span> 
     </span>
     <span class='ocr_line' id='line_1_11' title="bbox 126 825 1672 884; baseline 0 -17"><span class='ocrx_word' id='word_1_71' title='bbox 126 835 218 879; x_wconf 86' lang='grc'>157.</span> <span class='ocrx_word' id='word_1_72' title='bbox 253 828 320 868; x_wconf 83' lang='grc' dir='ltr'>οὐκ</span> <span class='ocrx_word' id='word_1_73' title='bbox 343 828 484 880; x_wconf 83' lang='grc' dir='ltr'>ὀλίγον</span> <span class='ocrx_word' id='word_1_74' title='bbox 505 825 672 884; x_wconf 83' lang='grc' dir='ltr'>χρόνον]</span> <span class='ocrx_word' id='word_1_75' title='bbox 697 828 741 868; x_wconf 87' lang='grc' dir='ltr'>οὐ</span> <span class='ocrx_word' id='word_1_76' title='bbox 764 828 861 879; x_wconf 85' lang='grc' dir='ltr'>πρὸς</span> <span class='ocrx_word' id='word_1_77' title='bbox 882 827 1042 881; x_wconf 85' lang='grc' dir='ltr'>βραχὺν</span> <span class='ocrx_word' id='word_1_78' title='bbox 1062 828 1212 880; x_wconf 88' lang='grc' dir='ltr'>χρόνον</span> <span class='ocrx_word' id='word_1_79' title='bbox 1625 849 1672 874; x_wconf 92' lang='lat'>10</span> 
     </span>
     <span class='ocr_line' id='line_1_12' title="bbox 128 895 1311 949; baseline 0 -13"><span class='ocrx_word' id='word_1_80' title='bbox 128 896 219 948; x_wconf 89' lang='lat'>167.</span> <span class='ocrx_word' id='word_1_81' title='bbox 253 897 369 937; x_wconf 84' lang='grc' dir='ltr'>τοῦτό</span> <span class='ocrx_word' id='word_1_82' title='bbox 391 898 503 939; x_wconf 83' lang='grc' dir='ltr'>ἐστιν</span> <span class='ocrx_word' id='word_1_83' title='bbox 525 898 548 936; x_wconf 82' lang='grc' dir='ltr'>ὅ</span> <span class='ocrx_word' id='word_1_84' title='bbox 569 902 699 949; x_wconf 90' lang='grc' dir='ltr'>φασιν</span> <span class='ocrx_word' id='word_1_85' title='bbox 722 898 758 937; x_wconf 82' lang='grc' dir='ltr'>οἰ</span> <span class='ocrx_word' id='word_1_86' title='bbox 785 895 948 949; x_wconf 83' lang='grc' dir='ltr'>ῥήτορες</span> <span class='ocrx_word' id='word_1_87' title='bbox 974 898 1017 936; x_wconf 83' lang='grc' dir='ltr'>ἐκ</span> <span class='ocrx_word' id='word_1_88' title='bbox 1039 899 1107 936; x_wconf 84' lang='grc' dir='ltr'>τοῦ</span> <span class='ocrx_word' id='word_1_89' title='bbox 1130 896 1311 938; x_wconf 84' lang='grc' dir='ltr'>ἐναντίου</span> 
     </span>
     <span class='ocr_line' id='line_1_13' title="bbox 125 963 1471 1022; baseline -0.001 -16"><span class='ocrx_word' id='word_1_90' title='bbox 125 977 219 1018; x_wconf 87' lang='grc'>209.</span> <span class='ocrx_word' id='word_1_91' title='bbox 255 963 512 1021; x_wconf 82' lang='grc' dir='ltr'>κατὰ-ἰείη]</span> <span class='ocrx_word' id='word_1_92' title='bbox 539 965 721 1006; x_wconf 85' lang='grc' dir='ltr'>εἰσέλθοι</span> <span class='ocrx_word' id='word_1_93' title='bbox 901 977 995 1019; x_wconf 88' lang='grc'>229.</span> <span class='ocrx_word' id='word_1_94' title='bbox 1030 963 1170 1022; x_wconf 82' lang='grc' dir='ltr'>νηλέα]</span> <span class='ocrx_word' id='word_1_95' title='bbox 1197 966 1471 1007; x_wconf 83' lang='grc' dir='ltr'>ἀταπείνωτον</span> 
     </span>
     <span class='ocr_line' id='line_1_14' title="bbox 124 1033 825 1090; baseline 0.003 -17"><span class='ocrx_word' id='word_1_96' title='bbox 124 1045 218 1088; x_wconf 88' lang='grc'>230.</span> <span class='ocrx_word' id='word_1_97' title='bbox 251 1033 470 1090; x_wconf 84' lang='grc' dir='ltr'>λίπωνται]</span> <span class='ocrx_word' id='word_1_98' title='bbox 495 1038 825 1087; x_wconf 88' lang='grc' dir='ltr'>καταλειφθῶσιν</span> 
     </span>
    </p>
   </div>
   <div class='ocr_carea' id='block_1_5' title="bbox 125 1115 219 1222">
    <p class='ocr_par' dir='ltr' id='par_1_5' title="bbox 125 1115 219 1222">
     <span class='ocr_line' id='line_1_15' title="bbox 125 1115 219 1157; baseline -0.011 -13"><span class='ocrx_word' id='word_1_99' title='bbox 125 1115 146 1144; x_wconf 99' lang='grc'>2</span> <span class='ocrx_word' id='word_1_100' title='bbox 151 1116 219 1157; x_wconf 76' lang='grc'>39.</span> 
     </span>
     <span class='ocr_line' id='line_1_16' title="bbox 126 1184 217 1222; baseline -0.011 -9"><span class='ocrx_word' id='word_1_101' title='bbox 126 1184 217 1222; x_wconf 84' lang='lat'>240.</span> 
     </span>
    </p>
   </div>
   <div class='ocr_carea' id='block_1_6' title="bbox 123 1253 217 1291">
    <p class='ocr_par' dir='ltr' id='par_1_6' title="bbox 123 1253 217 1291">
     <span class='ocr_line' id='line_1_17' title="bbox 123 1253 217 1291; baseline 0.021 -11"><span class='ocrx_word' id='word_1_102' title='bbox 123 1253 217 1291; x_wconf 85' lang='grc'>242.</span> 
     </span>
    </p>
   </div>
   <div class='ocr_carea' id='block_1_7' title="bbox 251 1101 1670 1298">
    <p class='ocr_par' dir='ltr' id='par_1_7' title="bbox 251 1101 1670 1298">
     <span class='ocr_line' id='line_1_18' title="bbox 252 1101 953 1160; baseline 0 -17"><span class='ocrx_word' id='word_1_103' title='bbox 252 1101 473 1160; x_wconf 87' lang='grc' dir='ltr'>Φυλείδην]</span> <span class='ocrx_word' id='word_1_104' title='bbox 498 1104 566 1144; x_wconf 86' lang='grc' dir='ltr'>τὸν</span> <span class='ocrx_word' id='word_1_105' title='bbox 588 1108 657 1144; x_wconf 80' lang='grc' dir='ltr'>τοῦ</span> <span class='ocrx_word' id='word_1_106' title='bbox 678 1103 843 1146; x_wconf 84' lang='grc' dir='ltr'>Φυλέως</span> <span class='ocrx_word' id='word_1_107' title='bbox 864 1104 953 1144; x_wconf 80' lang='grc' dir='ltr'>υἱόν</span> 
     </span>
     <span class='ocr_line' id='line_1_19' title="bbox 251 1170 1670 1232; baseline 0 -20"><span class='ocrx_word' id='word_1_108' title='bbox 251 1170 554 1230; x_wconf 83' lang='grc' dir='ltr'>Κρειοντιάδην]</span> <span class='ocrx_word' id='word_1_109' title='bbox 579 1172 648 1214; x_wconf 87' lang='grc' dir='ltr'>τὸν</span> <span class='ocrx_word' id='word_1_110' title='bbox 669 1176 739 1213; x_wconf 79' lang='grc' dir='ltr'>τοῦ</span> <span class='ocrx_word' id='word_1_111' title='bbox 762 1173 975 1225; x_wconf 85' lang='grc' dir='ltr'>Κρείοντος</span> <span class='ocrx_word' id='word_1_112' title='bbox 1000 1173 1088 1213; x_wconf 84' lang='grc' dir='ltr'>υἱόν</span> <span class='ocrx_word' id='word_1_113' title='bbox 1626 1194 1670 1232; x_wconf 82' lang='lat'>¹5</span> 
     </span>
     <span class='ocr_line' id='line_1_20' title="bbox 254 1239 1600 1298; baseline 0.001 -17"><span class='ocrx_word' id='word_1_114' title='bbox 254 1241 363 1294; x_wconf 80' lang='grc' dir='ltr'>(ἅμα</span> <span class='ocrx_word' id='word_1_115' title='bbox 386 1245 510 1292; x_wconf 84' lang='grc' dir='ltr'>μῦθος</span> <span class='ocrx_word' id='word_1_116' title='bbox 542 1242 623 1292; x_wconf 85' lang='grc' dir='ltr'>ἔην,</span> <span class='ocrx_word' id='word_1_117' title='bbox 647 1241 862 1283; x_wconf 87' lang='grc' dir='ltr'>τετέλεστο</span> <span class='ocrx_word' id='word_1_118' title='bbox 888 1242 931 1282; x_wconf 82' lang='grc' dir='ltr'>δὲ</span> <span class='ocrx_word' id='word_1_119' title='bbox 966 1239 1134 1298; x_wconf 85' lang='grc' dir='ltr'>ἔργον&gt;]</span> <span class='ocrx_word' id='word_1_120' title='bbox 1159 1241 1276 1281; x_wconf 84' lang='grc' dir='ltr'>τοῦτό</span> <span class='ocrx_word' id='word_1_121' title='bbox 1301 1242 1390 1282; x_wconf 87' lang='grc' dir='ltr'>ἐστι</span> <span class='ocrx_word' id='word_1_122' title='bbox 1412 1244 1457 1281; x_wconf 86' lang='grc' dir='ltr'>τὸ</span> <span class='ocrx_word' id='word_1_123' title='bbox 1479 1242 1600 1294; x_wconf 89' lang='grc' dir='ltr'>λεγό-</span> 
     </span>
    </p>
   </div>
   <div class='ocr_carea' id='block_1_8' title="bbox 63 1309 1012 1366">
    <p class='ocr_par' dir='ltr' id='par_1_8' title="bbox 63 1309 1012 1366">
     <span class='ocr_line' id='line_1_21' title="bbox 63 1309 1012 1366; baseline -0.001 -15"><span class='ocrx_word' id='word_1_124' title='bbox 63 1327 186 1362; x_wconf 89' lang='grc' dir='ltr'>μενον</span> <span class='ocrx_word' id='word_1_125' title='bbox 209 1313 220 1332; x_wconf 83' lang='lat'><em>‘</em></span> <span class='ocrx_word' id='word_1_126' title='bbox 235 1309 299 1361; x_wconf 79' lang='grc' dir='ltr'>ἅμ’</span> <span class='ocrx_word' id='word_1_127' title='bbox 325 1311 419 1353; x_wconf 83' lang='grc' dir='ltr'>ἔπος</span> <span class='ocrx_word' id='word_1_128' title='bbox 441 1310 504 1361; x_wconf 80' lang='grc' dir='ltr'>ἅμ’</span> <span class='ocrx_word' id='word_1_129' title='bbox 530 1311 647 1364; x_wconf 88' lang='grc' dir='ltr'>ἔργον</span> <span class='ocrx_word' id='word_1_130' title='bbox 663 1311 672 1325; x_wconf 92' lang='grc'>’</span> <span class='ocrx_word' id='word_1_131' title='bbox 693 1310 867 1366; x_wconf 81' lang='lat' dir='ltr'>(Zenob.</span> <span class='ocrx_word' id='word_1_132' title='bbox 891 1310 914 1350; x_wconf 96' lang='lat' dir='ltr'>I</span> <span class='ocrx_word' id='word_1_133' title='bbox 939 1311 1012 1364; x_wconf 87' lang='lat'>77)</span> 
     </span>
    </p>
   </div>
   <div class='ocr_carea' id='block_1_9' title="bbox 121 1391 220 2257">
    <p class='ocr_par' dir='ltr' id='par_1_9' title="bbox 121 1391 220 2257">
     <span class='ocr_line' id='line_1_22' title="bbox 124 1391 218 1431; baseline -0.021 -10"><span class='ocrx_word' id='word_1_134' title='bbox 124 1391 218 1431; x_wconf 86' lang='lat'>247.</span> 
     </span>
     <span class='ocr_line' id='line_1_23' title="bbox 123 1456 218 1499; baseline 0 -11"><span class='ocrx_word' id='word_1_135' title='bbox 123 1456 218 1499; x_wconf 83' lang='lat'>250.</span> 
     </span>
     <span class='ocr_line' id='line_1_24' title="bbox 123 1518 218 1557; baseline -0.011 0"><span class='ocrx_word' id='word_1_136' title='bbox 123 1518 218 1557; x_wconf 86' lang='lat'>261.</span> 
     </span>
     <span class='ocr_line' id='line_1_25' title="bbox 124 1585 218 1640; baseline -0.011 -14"><span class='ocrx_word' id='word_1_137' title='bbox 124 1585 218 1640; x_wconf 85' lang='lat'>263.</span> 
     </span>
     <span class='ocr_line' id='line_1_26' title="bbox 124 1655 218 1697; baseline -0.021 0"><span class='ocrx_word' id='word_1_138' title='bbox 124 1655 218 1697; x_wconf 86' lang='lat'>266.</span> 
     </span>
     <span class='ocr_line' id='line_1_27' title="bbox 122 1735 218 1776; baseline 0 -12"><span class='ocrx_word' id='word_1_139' title='bbox 122 1735 218 1776; x_wconf 81' lang='lat'>270.</span> 
     </span>
     <span class='ocr_line' id='line_1_28' title="bbox 125 1802 220 1848; baseline -0.011 -14"><span class='ocrx_word' id='word_1_140' title='bbox 125 1802 220 1848; x_wconf 83' lang='lat'>273.</span> 
     </span>
     <span class='ocr_line' id='line_1_29' title="bbox 124 1874 219 1916; baseline 0 -13"><span class='ocrx_word' id='word_1_141' title='bbox 124 1874 219 1916; x_wconf 83' lang='lat'>299.</span> 
     </span>
     <span class='ocr_line' id='line_1_30' title="bbox 123 1943 218 1986; baseline -0.011 -14"><span class='ocrx_word' id='word_1_142' title='bbox 123 1943 218 1986; x_wconf 80' lang='lat'>324.</span> 
     </span>
     <span class='ocr_line' id='line_1_31' title="bbox 122 2013 218 2054; baseline 0 0"><span class='ocrx_word' id='word_1_143' title='bbox 122 2013 218 2054; x_wconf 80' lang='lat'><strong>330·</strong></span> 
     </span>
     <span class='ocr_line' id='line_1_32' title="bbox 123 2070 218 2123; baseline 0.032 -16"><span class='ocrx_word' id='word_1_144' title='bbox 123 2070 218 2123; x_wconf 81' lang='lat'>387.</span> 
     </span>
     <span class='ocr_line' id='line_1_33' title="bbox 122 2137 219 2191; baseline -0.021 0"><span class='ocrx_word' id='word_1_145' title='bbox 122 2137 219 2191; x_wconf 82' lang='lat'>398-</span> 
     </span>
     <span class='ocr_line' id='line_1_34' title="bbox 121 2218 219 2257; baseline 0 -10"><span class='ocrx_word' id='word_1_146' title='bbox 121 2218 219 2257; x_wconf 87' lang='lat'>421.</span> 
     </span>
    </p>
   </div>
   <div class='ocr_carea' id='block_1_10' title="bbox 250 1380 677 1432">
    <p class='ocr_par' dir='ltr' id='par_1_10' title="bbox 250 1380 677 1432">
     <span class='ocr_line' id='line_1_35' title="bbox 250 1380 677 1432; baseline 0.002 -13"><span class='ocrx_word' id='word_1_147' title='bbox 250 1380 567 1432; x_wconf 84' lang='grc' dir='ltr'>ῥητορικώτατον</span> <span class='ocrx_word' id='word_1_148' title='bbox 588 1380 632 1420; x_wconf 85' lang='grc' dir='ltr'>τὸ</span> <span class='ocrx_word' id='word_1_149' title='bbox 655 1385 677 1402; x_wconf 83' lang='grc'>“</span> 
     </span>
    </p>
   </div>
   <div class='ocr_carea' id='block_1_11' title="bbox 250 1379 1672 1779">
    <p class='ocr_par' dir='ltr' id='par_1_11' title="bbox 694 1379 889 1430">
     <span class='ocr_line' id='line_1_36' title="bbox 694 1379 889 1430; baseline 0.015 -11"><span class='ocrx_word' id='word_1_150' title='bbox 694 1379 849 1430; x_wconf 82' lang='grc' dir='ltr'>στήσας</span> <span class='ocrx_word' id='word_1_151' title='bbox 866 1379 889 1395; x_wconf 85' lang='grc'><strong>”</strong></span> 
     </span>
    </p>

    <p class='ocr_par' dir='ltr' id='par_1_12' title="bbox 252 1447 932 1504">
     <span class='ocr_line' id='line_1_37' title="bbox 252 1447 932 1504; baseline 0.001 -16"><span class='ocrx_word' id='word_1_152' title='bbox 252 1447 393 1504; x_wconf 79' lang='grc' dir='ltr'>ἄντην]</span> <span class='ocrx_word' id='word_1_153' title='bbox 416 1448 615 1501; x_wconf 74' lang='grc' dir='ltr'>γράφεται</span> <span class='ocrx_word' id='word_1_154' title='bbox 639 1453 660 1470; x_wconf 85' lang='lat'><strong>“</strong></span> <span class='ocrx_word' id='word_1_155' title='bbox 676 1448 833 1499; x_wconf 81' lang='grc' dir='ltr'>αὐδήν”</span> <span class='ocrx_word' id='word_1_156' title='bbox 855 1463 932 1489; x_wconf 80' lang='lat' dir='ltr'>ree.</span> 
     </span>
    </p>

    <p class='ocr_par' dir='ltr' id='par_1_13' title="bbox 250 1515 1672 1643">
     <span class='ocr_line' id='line_1_38' title="bbox 250 1515 1672 1574; baseline 0.001 -17"><span class='ocrx_word' id='word_1_157' title='bbox 250 1515 322 1573; x_wconf 84' lang='grc' dir='ltr'>μή]</span> <span class='ocrx_word' id='word_1_158' title='bbox 348 1517 393 1557; x_wconf 86' lang='grc' dir='ltr'>οὐ</span> <span class='ocrx_word' id='word_1_159' title='bbox 567 1515 659 1574; x_wconf 88' lang='grc' dir='ltr'>μέν]</span> <span class='ocrx_word' id='word_1_160' title='bbox 682 1517 760 1569; x_wconf 91' lang='grc' dir='ltr'>μήν</span> <span class='ocrx_word' id='word_1_161' title='bbox 936 1515 1157 1574; x_wconf 87' lang='grc' dir='ltr'>ἐπενεῖκαι]</span> <span class='ocrx_word' id='word_1_162' title='bbox 1182 1516 1418 1569; x_wconf 85' lang='grc' dir='ltr'>ἠβουλήθην</span> <span class='ocrx_word' id='word_1_163' title='bbox 1623 1545 1672 1569; x_wconf 89' lang='lat'>20</span> 
     </span>
     <span class='ocr_line' id='line_1_39' title="bbox 253 1584 886 1643; baseline 0.005 -17"><span class='ocrx_word' id='word_1_164' title='bbox 253 1584 570 1643; x_wconf 85' lang='grc' dir='ltr'>ἀπροτίμαστος]</span> <span class='ocrx_word' id='word_1_165' title='bbox 595 1585 618 1637; x_wconf 80' lang='grc' dir='ltr'>ἢ</span> <span class='ocrx_word' id='word_1_166' title='bbox 643 1587 886 1639; x_wconf 84' lang='grc' dir='ltr'>ἀνύβριστος</span> 
     </span>
    </p>

    <p class='ocr_par' dir='ltr' id='par_1_14' title="bbox 252 1653 838 1712">
     <span class='ocr_line' id='line_1_40' title="bbox 252 1653 838 1712; baseline 0.003 -17"><span class='ocrx_word' id='word_1_167' title='bbox 252 1653 479 1712; x_wconf 84' lang='grc' dir='ltr'>στόμαχον]</span> <span class='ocrx_word' id='word_1_168' title='bbox 504 1660 574 1696; x_wconf 85' lang='grc' dir='ltr'>τὸν</span> <span class='ocrx_word' id='word_1_169' title='bbox 594 1656 838 1709; x_wconf 86' lang='grc' dir='ltr'>γούργουρον</span> 
     </span>
    </p>

    <p class='ocr_par' dir='ltr' id='par_1_15' title="bbox 251 1713 1323 1779">
     <span class='ocr_line' id='line_1_41' title="bbox 251 1713 1323 1779; baseline 0.001 -15"><span class='ocrx_word' id='word_1_170' title='bbox 251 1727 345 1765; x_wconf 84' lang='grc' dir='ltr'>διδῶ</span> <span class='ocrx_word' id='word_1_171' title='bbox 368 1727 490 1766; x_wconf 84' lang='grc' dir='ltr'>διδοῖς</span> <span class='ocrx_word' id='word_1_172' title='bbox 515 1725 578 1765; x_wconf 87' lang='grc' dir='ltr'>καὶ</span> <span class='ocrx_word' id='word_1_173' title='bbox 600 1729 670 1765; x_wconf 81' lang='grc' dir='ltr'>τοῦ</span> <span class='ocrx_word' id='word_1_174' title='bbox 695 1716 745 1766; x_wconf 49' lang='grc' dir='ltr'>(ᾗ</span> <span class='ocrx_word' id='word_1_175' title='bbox 767 1713 989 1766; x_wconf 38' lang='grc' dir='ltr'>ἐπεκτάσει·</span> <span class='ocrx_word' id='word_1_176' title='bbox 1007 1725 1323 1779; x_wconf 81' lang='grc' dir='ltr'>&lt;“δίδοισθα”&gt;</span> 
     </span>
    </p>
   </div>
   <div class='ocr_carea' id='block_1_12' title="bbox 251 1791 1669 2276">
    <p class='ocr_par' dir='ltr' id='par_1_16' title="bbox 254 1791 1365 1850">
     <span class='ocr_line' id='line_1_42' title="bbox 254 1791 1365 1850; baseline 0 -17"><span class='ocrx_word' id='word_1_177' title='bbox 254 1791 478 1850; x_wconf 83' lang='grc' dir='ltr'>ἀμήχανος]</span> <span class='ocrx_word' id='word_1_178' title='bbox 503 1793 683 1845; x_wconf 79' lang='grc' dir='ltr'>ἄβουλος</span> <span class='ocrx_word' id='word_1_179' title='bbox 862 1793 957 1846; x_wconf 79' lang='grc'>287.</span> <span class='ocrx_word' id='word_1_180' title='bbox 985 1791 1120 1849; x_wconf 76' lang='grc' dir='ltr'>δειλῇ]</span> <span class='ocrx_word' id='word_1_181' title='bbox 1146 1794 1267 1848; x_wconf 74' lang='grc' dir='ltr'>ἀθλία</span> <span class='ocrx_word' id='word_1_182' title='bbox 1289 1807 1365 1834; x_wconf 79' lang='lat' dir='ltr'>rec.</span> 
     </span>
    </p>

    <p class='ocr_par' dir='ltr' id='par_1_17' title="bbox 251 1859 1668 1989">
     <span class='ocr_line' id='line_1_43' title="bbox 253 1859 1668 1928; baseline 0 -25"><span class='ocrx_word' id='word_1_183' title='bbox 253 1859 427 1918; x_wconf 86' lang='grc' dir='ltr'>δαίσειν]</span> <span class='ocrx_word' id='word_1_184' title='bbox 452 1862 640 1913; x_wconf 88' lang='grc' dir='ltr'>ποιήσειν</span> <span class='ocrx_word' id='word_1_185' title='bbox 816 1876 912 1917; x_wconf 86' lang='grc'>303.</span> <span class='ocrx_word' id='word_1_186' title='bbox 946 1861 1084 1920; x_wconf 82' lang='grc' dir='ltr'>αὐτόν]</span> <span class='ocrx_word' id='word_1_187' title='bbox 1109 1867 1178 1904; x_wconf 86' lang='grc' dir='ltr'>τὸν</span> <span class='ocrx_word' id='word_1_188' title='bbox 1197 1862 1401 1917; x_wconf 78' lang='grc' dir='ltr'>Ἀχιλλέα</span> <span class='ocrx_word' id='word_1_189' title='bbox 1621 1891 1668 1928; x_wconf 79' lang='lat'>25</span> 
     </span>
     <span class='ocr_line' id='line_1_44' title="bbox 251 1930 1135 1989; baseline 0.005 -19"><span class='ocrx_word' id='word_1_190' title='bbox 251 1930 366 1985; x_wconf 90' lang='grc' dir='ltr'>χήτει</span> <span class='ocrx_word' id='word_1_191' title='bbox 388 1931 531 1972; x_wconf 84' lang='grc' dir='ltr'>τοιοῦδ’</span> <span class='ocrx_word' id='word_1_192' title='bbox 557 1930 717 1989; x_wconf 85' lang='grc' dir='ltr'>ἀνδρός]</span> <span class='ocrx_word' id='word_1_193' title='bbox 743 1933 850 1983; x_wconf 80' lang='grc' dir='ltr'>ἐμοῦ.</span> <span class='ocrx_word' id='word_1_194' title='bbox 889 1933 923 1986; x_wconf 59' lang='grc' dir='ltr'>ξ.</span> <span class='ocrx_word' id='word_1_195' title='bbox 947 1931 991 1972; x_wconf 84' lang='grc' dir='ltr'>τὸ</span> <span class='ocrx_word' id='word_1_196' title='bbox 1013 1934 1135 1985; x_wconf 80' lang='grc' dir='ltr'>χῆτος</span> 
     </span>
    </p>

    <p class='ocr_par' dir='ltr' id='par_1_18' title="bbox 252 1998 1355 2057">
     <span class='ocr_line' id='line_1_45' title="bbox 252 1998 1355 2057; baseline 0.001 -17"><span class='ocrx_word' id='word_1_197' title='bbox 252 2000 318 2053; x_wconf 89' lang='grc' dir='ltr'>σέ]</span> <span class='ocrx_word' id='word_1_198' title='bbox 341 2000 410 2042; x_wconf 83' lang='grc' dir='ltr'>τὸν</span> <span class='ocrx_word' id='word_1_199' title='bbox 431 2000 671 2053; x_wconf 81' lang='grc' dir='ltr'>Πάτροκλον</span> <span class='ocrx_word' id='word_1_200' title='bbox 847 2014 942 2056; x_wconf 83' lang='grc'>343.</span> <span class='ocrx_word' id='word_1_201' title='bbox 974 1998 1187 2057; x_wconf 77' lang='grc' dir='ltr'>μέμβλετ’]</span> <span class='ocrx_word' id='word_1_202' title='bbox 1211 2000 1355 2052; x_wconf 86' lang='grc' dir='ltr'>μέλλει</span> 
     </span>
    </p>

    <p class='ocr_par' dir='ltr' id='par_1_19' title="bbox 252 2067 844 2126">
     <span class='ocr_line' id='line_1_46' title="bbox 252 2067 844 2126; baseline 0.002 -17"><span class='ocrx_word' id='word_1_203' title='bbox 252 2067 460 2126; x_wconf 82' lang='grc' dir='ltr'>σύριγγος]</span> <span class='ocrx_word' id='word_1_204' title='bbox 487 2071 554 2119; x_wconf 86' lang='grc' dir='ltr'>τῆς</span> <span class='ocrx_word' id='word_1_205' title='bbox 576 2069 844 2122; x_wconf 87' lang='grc' dir='ltr'>δορατοθήκης</span> 
     </span>
    </p>

    <p class='ocr_par' dir='ltr' id='par_1_20' title="bbox 251 2136 1669 2276">
     <span class='ocr_line' id='line_1_47' title="bbox 253 2136 1559 2196; baseline 0.001 -19"><span class='ocrx_word' id='word_1_206' title='bbox 253 2138 431 2190; x_wconf 85' lang='grc' dir='ltr'>ἠλέκτωρ</span> <span class='ocrx_word' id='word_1_207' title='bbox 451 2137 668 2196; x_wconf 48' lang='grc' dir='ltr'>(ΎπερίωνῖΙ</span> <span class='ocrx_word' id='word_1_208' title='bbox 687 2138 837 2181; x_wconf 64' lang='grc' dir='ltr'>ἽΙλιος</span> <span class='ocrx_word' id='word_1_209' title='bbox 1012 2148 1110 2191; x_wconf 86' lang='grc'>405.</span> <span class='ocrx_word' id='word_1_210' title='bbox 1143 2136 1292 2195; x_wconf 86' lang='grc' dir='ltr'>ἤμυσε]</span> <span class='ocrx_word' id='word_1_211' title='bbox 1318 2138 1451 2180; x_wconf 83' lang='grc' dir='ltr'>ἔκλινε</span> <span class='ocrx_word' id='word_1_212' title='bbox 1472 2137 1559 2183; x_wconf 73' lang='lat' dir='ltr'>A·÷</span> 
     </span>
     <span class='ocr_line' id='line_1_48' title="bbox 251 2205 1669 2276; baseline 0 -29"><span class='ocrx_word' id='word_1_213' title='bbox 251 2205 391 2263; x_wconf 87' lang='grc' dir='ltr'>μόρος]</span> <span class='ocrx_word' id='word_1_214' title='bbox 415 2211 534 2260; x_wconf 88' lang='grc' dir='ltr'>μοῖρα</span> <span class='ocrx_word' id='word_1_215' title='bbox 1619 2239 1669 2276; x_wconf 81' lang='lat'>30</span> 
     </span>
    </p>
   </div>
   <div class='ocr_carea' id='block_1_13' title="bbox 807 2375 853 2412">
    <p class='ocr_par' dir='ltr' id='par_1_21' title="bbox 807 2375 853 2412">
     <span class='ocr_line' id='line_1_49' title="bbox 807 2375 853 2412; baseline 0.022 -1"><span class='ocrx_word' id='word_1_216' title='bbox 807 2375 853 2412; x_wconf 76' lang='lat' dir='ltr'>T.</span> 
     </span>
    </p>
   </div>
   <div class='ocr_carea' id='block_1_14' title="bbox 123 2463 1212 2521">
    <p class='ocr_par' dir='ltr' id='par_1_22' title="bbox 123 2463 1212 2521">
     <span class='ocr_line' id='line_1_50' title="bbox 123 2463 1212 2521; baseline 0.001 -17"><span class='ocrx_word' id='word_1_217' title='bbox 123 2477 161 2514; x_wconf 89' lang='lat'>4.</span> <span class='ocrx_word' id='word_1_218' title='bbox 195 2463 389 2521; x_wconf 86' lang='grc' dir='ltr'>Θέμιστι]</span> <span class='ocrx_word' id='word_1_219' title='bbox 415 2465 542 2516; x_wconf 86' lang='grc' dir='ltr'>Θέμις</span> <span class='ocrx_word' id='word_1_220' title='bbox 565 2464 739 2516; x_wconf 84' lang='grc' dir='ltr'>Θέμιτος</span> <span class='ocrx_word' id='word_1_221' title='bbox 762 2466 826 2505; x_wconf 87' lang='grc' dir='ltr'>καὶ</span> <span class='ocrx_word' id='word_1_222' title='bbox 850 2465 1070 2517; x_wconf 87' lang='grc' dir='ltr'>προσθέσει</span> <span class='ocrx_word' id='word_1_223' title='bbox 1093 2469 1161 2505; x_wconf 82' lang='grc' dir='ltr'>τοῦ</span> <span class='ocrx_word' id='word_1_224' title='bbox 1185 2466 1212 2505; x_wconf 64' lang='grc' dir='ltr'><em>ὅ</em></span> 
     </span>
    </p>
   </div>
   <div class='ocr_carea' id='block_1_15' title="bbox 122 2531 1599 2590">
    <p class='ocr_par' dir='ltr' id='par_1_23' title="bbox 122 2531 1599 2590">
     <span class='ocr_line' id='line_1_51' title="bbox 122 2531 1599 2590; baseline 0 -17"><span class='ocrx_word' id='word_1_225' title='bbox 122 2547 160 2587; x_wconf 90' lang='lat'>9.</span> <span class='ocrx_word' id='word_1_226' title='bbox 194 2534 318 2574; x_wconf 91' lang='grc' dir='ltr'>πίσεα</span> <span class='ocrx_word' id='word_1_227' title='bbox 359 2531 569 2590; x_wconf 84' lang='grc' dir='ltr'>ποιήεντα]</span> <span class='ocrx_word' id='word_1_228' title='bbox 607 2536 656 2574; x_wconf 82' lang='grc' dir='ltr'>τὰ</span> <span class='ocrx_word' id='word_1_229' title='bbox 695 2535 848 2585; x_wconf 79' lang='grc' dir='ltr'>ὑδρηλὰ</span> <span class='ocrx_word' id='word_1_230' title='bbox 885 2533 949 2575; x_wconf 81' lang='grc' dir='ltr'>καὶ</span> <span class='ocrx_word' id='word_1_231' title='bbox 989 2535 1202 2586; x_wconf 84' lang='grc' dir='ltr'>βοτανώδη</span> <span class='ocrx_word' id='word_1_232' title='bbox 1237 2535 1378 2588; x_wconf 84' lang='grc' dir='ltr'>χωρία,</span> <span class='ocrx_word' id='word_1_233' title='bbox 1414 2533 1493 2574; x_wconf 88' lang='grc' dir='ltr'>ἀπὸ</span> <span class='ocrx_word' id='word_1_234' title='bbox 1530 2536 1599 2573; x_wconf 89' lang='grc' dir='ltr'>τοῦ</span> 
     </span>
    </p>
   </div>
   <div class='ocr_carea' id='block_1_16' title="bbox 64 2602 820 2654">
    <p class='ocr_par' dir='ltr' id='par_1_24' title="bbox 64 2602 820 2654">
     <span class='ocr_line' id='line_1_52' title="bbox 64 2602 820 2654; baseline 0 -11"><span class='ocrx_word' id='word_1_235' title='bbox 64 2602 165 2643; x_wconf 77' lang='grc' dir='ltr'>εἶναι</span> <span class='ocrx_word' id='word_1_236' title='bbox 188 2603 230 2642; x_wconf 87' lang='grc' dir='ltr'>ἐν</span> <span class='ocrx_word' id='word_1_237' title='bbox 252 2603 384 2644; x_wconf 86' lang='grc' dir='ltr'>αὐτοῖς</span> <span class='ocrx_word' id='word_1_238' title='bbox 405 2603 506 2654; x_wconf 84' lang='grc' dir='ltr'>ὕδωρ</span> <span class='ocrx_word' id='word_1_239' title='bbox 528 2603 632 2642; x_wconf 83' lang='grc' dir='ltr'>ὥστε</span> <span class='ocrx_word' id='word_1_240' title='bbox 655 2603 820 2643; x_wconf 89' lang='grc' dir='ltr'>ποτίσαι</span> 
     </span>
    </p>
   </div>
   <div class='ocr_carea' id='block_1_17' title="bbox 127 2675 233 2724">
    <p class='ocr_par' dir='ltr' id='par_1_25' title="bbox 127 2675 233 2724">
     <span class='ocr_line' id='line_1_53' title="bbox 127 2675 233 2724; baseline 0 -14"><span class='ocrx_word' id='word_1_241' title='bbox 127 2683 190 2724; x_wconf 72' lang='lat'>30.</span> <span class='ocrx_word' id='word_1_242' title='bbox 225 2675 233 2691; x_wconf 93' lang='lat'>‘</span> 
     </span>
    </p>
   </div>
   <div class='ocr_carea' id='block_1_18' title="bbox 239 2670 1638 2735">
    <p class='ocr_par' dir='ltr' id='par_1_26' title="bbox 239 2670 1638 2735">
     <span class='ocr_line' id='line_1_54' title="bbox 239 2670 1638 2735; baseline 0.001 -25"><span class='ocrx_word' id='word_1_243' title='bbox 239 2672 360 2722; x_wconf 66' lang='lat' dir='ltr'>‘13pr</span> <span class='ocrx_word' id='word_1_244' title='bbox 381 2671 505 2723; x_wconf 90' lang='grc' dir='ltr'>μόρον</span> <span class='ocrx_word' id='word_1_245' title='bbox 521 2670 543 2685; x_wconf 89' lang='grc'>”</span> <span class='ocrx_word' id='word_1_246' title='bbox 568 2672 675 2723; x_wconf 82' lang='grc' dir='ltr'>παρὰ</span> <span class='ocrx_word' id='word_1_247' title='bbox 696 2675 740 2711; x_wconf 88' lang='grc' dir='ltr'>τὸ</span> <span class='ocrx_word' id='word_1_248' title='bbox 762 2670 1056 2724; x_wconf 88' lang='grc' dir='ltr'>μεμοιραμένον</span> <span class='ocrx_word' id='word_1_249' title='bbox 1079 2672 1143 2712; x_wconf 85' lang='grc' dir='ltr'>καὶ</span> <span class='ocrx_word' id='word_1_250' title='bbox 1165 2675 1210 2711; x_wconf 85' lang='grc' dir='ltr'>τὸ</span> <span class='ocrx_word' id='word_1_251' title='bbox 1233 2671 1324 2712; x_wconf 88' lang='grc' dir='ltr'>δέον</span> <span class='ocrx_word' id='word_1_252' title='bbox 1617 2699 1638 2735; x_wconf 78' lang='lat'>3</span> 
     </span>
    </p>
   </div>
   <div class='ocr_carea' id='block_1_19' title="bbox 122 2737 1288 2796">
    <p class='ocr_par' dir='ltr' id='par_1_27' title="bbox 122 2737 1288 2796">
     <span class='ocr_line' id='line_1_55' title="bbox 122 2737 1288 2796; baseline 0.002 -18"><span class='ocrx_word' id='word_1_253' title='bbox 122 2752 190 2793; x_wconf 87' lang='lat'>31.</span> <span class='ocrx_word' id='word_1_254' title='bbox 225 2737 439 2795; x_wconf 81' lang='grc' dir='ltr'>ἀλίαστον]</span> <span class='ocrx_word' id='word_1_255' title='bbox 464 2740 647 2793; x_wconf 87' lang='grc' dir='ltr'>χαλεπόν</span> <span class='ocrx_word' id='word_1_256' title='bbox 824 2753 891 2794; x_wconf 90' lang='lat'>33.</span> <span class='ocrx_word' id='word_1_257' title='bbox 924 2738 1078 2796; x_wconf 83' lang='grc' dir='ltr'>ἀγῶνα]</span> <span class='ocrx_word' id='word_1_258' title='bbox 1103 2740 1288 2792; x_wconf 77' lang='grc' dir='ltr'>ἄθροισιν</span> 
     </span>
    </p>
   </div>
   <div class='ocr_carea' id='block_1_20' title="bbox 121 2807 1204 2865">
    <p class='ocr_par' dir='ltr' id='par_1_28' title="bbox 121 2807 1204 2865">
     <span class='ocr_line' id='line_1_56' title="bbox 121 2807 1204 2865; baseline 0.001 -16"><span class='ocrx_word' id='word_1_259' title='bbox 121 2820 189 2862; x_wconf 80' lang='grc'>51.</span> <span class='ocrx_word' id='word_1_260' title='bbox 222 2810 393 2849; x_wconf 88' lang='grc' dir='ltr'>λαίλαπι</span> <span class='ocrx_word' id='word_1_261' title='bbox 414 2807 524 2865; x_wconf 77' lang='grc' dir='ltr'>ἶσος]</span> <span class='ocrx_word' id='word_1_262' title='bbox 549 2811 613 2850; x_wconf 78' lang='grc' dir='ltr'>διὰ</span> <span class='ocrx_word' id='word_1_263' title='bbox 637 2809 682 2850; x_wconf 88' lang='grc' dir='ltr'>τὸ</span> <span class='ocrx_word' id='word_1_264' title='bbox 705 2811 913 2851; x_wconf 84' lang='grc' dir='ltr'>σκοτεινὸν</span> <span class='ocrx_word' id='word_1_265' title='bbox 934 2814 1003 2850; x_wconf 86' lang='grc' dir='ltr'>τοῦ</span> <span class='ocrx_word' id='word_1_266' title='bbox 1025 2809 1204 2861; x_wconf 85' lang='grc' dir='ltr'>πολέμου</span> 
     </span>
    </p>
   </div>
   <div class='ocr_carea' id='block_1_21' title="bbox 64 2905 1595 2990">
    <p class='ocr_par' dir='ltr' id='par_1_29' title="bbox 64 2905 1595 2990">
     <span class='ocr_line' id='line_1_57' title="bbox 112 2905 1595 2948; baseline 0.001 -11"><span class='ocrx_word' id='word_1_267' title='bbox 112 2916 138 2937; x_wconf 87' lang='grc' dir='ltr'>Ι.</span> <span class='ocrx_word' id='word_1_268' title='bbox 164 2905 291 2937; x_wconf 77' lang='grc' dir='ltr'>ἵσταται</span> <span class='ocrx_word' id='word_1_269' title='bbox 307 2905 455 2940; x_wconf 79' lang='grc' dir='ltr'>βεβακὼς</span> <span class='ocrx_word' id='word_1_270' title='bbox 487 2909 499 2944; x_wconf 85' lang='grc' dir='ltr'>ΙΙ</span> <span class='ocrx_word' id='word_1_271' title='bbox 537 2916 563 2937; x_wconf 83' lang='grc'>2.</span> <span class='ocrx_word' id='word_1_272' title='bbox 590 2918 647 2947; x_wconf 79' lang='lat' dir='ltr'>pro</span> <span class='ocrx_word' id='word_1_273' title='bbox 671 2907 792 2947; x_wconf 81' lang='grc' dir='ltr'>κοῦφον</span> <span class='ocrx_word' id='word_1_274' title='bbox 809 2908 893 2939; x_wconf 85' lang='lat' dir='ltr'>coni.</span> <span class='ocrx_word' id='word_1_275' title='bbox 910 2908 953 2937; x_wconf 89' lang='lat' dir='ltr'>W</span> <span class='ocrx_word' id='word_1_276' title='bbox 978 2906 1122 2947; x_wconf 80' lang='grc' dir='ltr'>σκληρὸν</span> <span class='ocrx_word' id='word_1_277' title='bbox 1148 2912 1159 2944; x_wconf 84' lang='grc' dir='ltr'>ΙΙ</span> <span class='ocrx_word' id='word_1_278' title='bbox 1186 2907 1215 2938; x_wconf 89' lang='lat'>6.</span> <span class='ocrx_word' id='word_1_279' title='bbox 1241 2906 1391 2942; x_wconf 77' lang='grc' dir='ltr'>ἐπιβαίνει</span> <span class='ocrx_word' id='word_1_280' title='bbox 1417 2907 1531 2948; x_wconf 76' lang='lat' dir='ltr'><strong>scripsi</strong></span> <span class='ocrx_word' id='word_1_281' title='bbox 1555 2918 1595 2939; x_wconf 86' lang='lat' dir='ltr'>ex</span> 
     </span>
     <span class='ocr_line' id='line_1_58' title="bbox 64 2949 1118 2990; baseline 0 -9"><span class='ocrx_word' id='word_1_282' title='bbox 64 2951 107 2984; x_wconf 88' lang='lat' dir='ltr'>D.</span> <span class='ocrx_word' id='word_1_283' title='bbox 125 2955 160 2981; x_wconf 72' lang='lat' dir='ltr'>at</span> <span class='ocrx_word' id='word_1_284' title='bbox 177 2951 339 2980; x_wconf 66' lang='lat' dir='ltr'>incertum</span> <span class='ocrx_word' id='word_1_285' title='bbox 368 2954 379 2988; x_wconf 77' lang='grc' dir='ltr'>Η</span> <span class='ocrx_word' id='word_1_286' title='bbox 411 2959 457 2980; x_wconf 84' lang='lat'>12.</span> <span class='ocrx_word' id='word_1_287' title='bbox 484 2949 615 2989; x_wconf 78' lang='grc' dir='ltr'>εἰσέλθῃ</span> <span class='ocrx_word' id='word_1_288' title='bbox 643 2954 654 2987; x_wconf 90' lang='grc' dir='ltr'>ΙΙ</span> <span class='ocrx_word' id='word_1_289' title='bbox 685 2960 733 2989; x_wconf 79' lang='lat'>²3-</span> <span class='ocrx_word' id='word_1_290' title='bbox 759 2949 797 2980; x_wconf 82' lang='grc' dir='ltr'>τὸ</span> <span class='ocrx_word' id='word_1_291' title='bbox 814 2951 936 2990; x_wconf 69' lang='lat' dir='ltr'>Oelsss</span> <span class='ocrx_word' id='word_1_292' title='bbox 953 2950 1118 2981; x_wconf 75' lang='grc' dir='ltr'>ἐπέκτασις</span> 
     </span>
    </p>
   </div>
  </div>
 </body>
</html>
