1939 3227
268 130 355 170 534
806 133 1033 170 ιΛΙΑΔοΣ
1065 133 1115 171 Ν.
1147 129 1264 186 (13)

327 244 393 284 66.
425 241 548 300 τοῖιν]
573 245 615 285 ἐκ
638 243 788 285 τούτων

326 325 395 367 90.
425 310 732 369 μετεισάμενος]
756 312 854 366 πρὸς
876 313 1016 357 αὐτοὺς
1038 315 1292 367 ἀφικόμενος,
1314 312 1337 364 ἢ
1360 316 1632 366 μεταβληθείς

330 394 423 435 103.
456 380 588 438 θώων]
613 386 691 423 τῶν

456 454 477 471 “
494 449 562 501 ἤια
575 450 596 465 ”
621 452 670 491 τὰ
700 451 895 503 βρώματα
927 453 975 491 τὰ
1006 453 1048 491 ἐκ
1080 451 1226 506 τάχους
1256 455 1390 492 ποδῶν
1421 451 1516 502 ἡμῖν
1545 452 1796 506 ποριζόμενα,

226 528 248 566 5
269 519 368 559 κατὰ
396 518 560 560 ἔκτασιν
588 522 657 559 τοῦ
678 525 699 560 ῖ
727 517 910 561 Ἰωνικῶς
938 517 1068 569 “ἥια,”
1091 520 1156 561 ἵνα
1185 518 1210 576 ᾖ
1237 521 1343 572 παρὰ
1365 518 1410 560 τὸ
1438 521 1485 560 ἴω
1514 519 1559 560 τὸ
1585 521 1801 574 πορεύομαι

270 589 333 629 ἰὀν
355 590 399 628 τὸ
421 591 566 641 βρῶμα
589 588 651 628 καὶ
672 586 762 638 ἥιον
785 587 967 630 Ἰωνικῶς
990 588 1052 628 καὶ
1072 588 1117 629 τὸ
1139 591 1409 639 πληθυντικὸν
1429 592 1450 610 “
1464 587 1533 639 ἤια
1547 588 1570 603 ”
1593 589 1681 635 Α-Ι-

330 669 423 707 104.
455 654 714 713 ἠλάσκουσα]
741 657 823 697 ἀλῶ
844 655 985 697 ἀλάσω
1008 656 1173 698 ἀλάσκω
1196 658 1260 699 καὶ
1281 658 1407 714 τροπῇ
1430 661 1499 698 τοῦ
1518 664 1541 708 ῆ
1563 657 1730 709 ἠλάσκω

330 734 423 776 125.
457 723 714 781 κελευτιόων]
739 725 1110 777 παρακελευόμενος
1195 726 1286 768 128,
1320 724 1537 782 Ἀθηναίη]
1561 726 1802 780 ἡφρόνησις

330 806 423 848 130.
450 792 732 850 προθελύμνῳ]
758 793 978 848 ἐπαλλήλῳ

202 874 249 900 10
329 874 423 917 134.
457 860 728 919 ἐπτύσσοντο]
754 864 810 905 εἷς
832 861 974 904 ταύτὸν
997 860 1244 914 συνήρχοντο

329 943 422 986 137.
458 929 738 989 ὀλοοίτροχος]
767 933 882 974 λίθος
914 931 1132 985 περιφερὴς
1164 932 1185 970 ὁ
1216 932 1260 972 ἐν
1285 932 1338 987 τῷ
1373 931 1530 985 τρέχειν
1561 930 1693 981 ὀλοός,
1715 929 1804 971 ἐπεὶ

270 1001 593 1053 καταφερόμενος
615 1004 695 1043 πᾶν
717 1001 760 1041 τὸ
784 1002 981 1052 ἐμπῖπτον
1004 999 1184 1052 βλάπτει
1205 999 1293 1044 Α-ὶ-

330 1082 423 1120 141.
457 1067 649 1127 ἕμπεδον]
675 1073 854 1123 συνεχῶς
992 1078 1085 1122 159.
1118 1066 1346 1125 τιτύσκετο]
1372 1068 1688 1122 κατεστοχάζετο
1705 1067 1795 1108 Α--

329 1137 422 1192 163.
457 1136 594 1195 σχέθ’]
619 1139 822 1180 ἐκώλυσεν
1001 1138 1094 1178 168.
1128 1135 1359 1194 οἰσόμενος]
1384 1139 1562 1189 κομίσων
1582 1137 1670 1182 Α-ι-

202 1218 248 1257 15
332 1207 425 1259 178.
456 1205 595 1263 μελίη]
625 1207 729 1249 εἶδος
757 1205 920 1259 δένδρου

332 1288 423 1330 199.
455 1273 632 1332 ῥωπήια]
661 1278 697 1316 οῖ
726 1276 854 1325 τόποι,
877 1276 973 1316 ἔνθα
1005 1275 1175 1327 φύονται
1205 1276 1345 1328 ῥῶπες,
1369 1274 1538 1328 ξυλάριά
1569 1292 1658 1316 τινα
1688 1274 1803 1315 δυνά-

267 1361 369 1395 μενα
388 1344 512 1397 ῥέψαι
535 1344 616 1396 ἅμα
637 1345 690 1398 τῷ
716 1345 910 1396 κρατῆσαι
934 1342 996 1384 καὶ
1019 1346 1152 1384 κλῖναι

329 1426 423 1456 200.
455 1410 739 1469 γαμφηλῇσιν]
764 1416 850 1455 ταῖς
873 1413 1062 1466 σιαγόσιν
1178 1423 1271 1454 202.
1306 1409 1508 1468 κεφαλήν]
1532 1415 1600 1453 τοῦ
1620 1411 1804 1464 Ἰμβρίου

330 1495 423 1537 203.
456 1480 756 1538 Ἀμφιμάχοιο]
780 1481 874 1533 ὑπέρ
995 1493 1089 1522 211.
1123 1480 1213 1533 παρ’
1238 1478 1415 1537 ἑταίρου]
1441 1482 1483 1521 ἐκ
1505 1483 1573 1520 τοῦ

202 1565 250 1590 20
459 1549 500 1608 ὅ]
525 1552 637 1594 ὅστις
817 1562 910 1604 213.
944 1547 1121 1605 ἔνεικαν]
1146 1550 1341 1599 ἐκόμισαν

329 1632 423 1673 229.
458 1621 480 1660 ὅ
502 1617 559 1676 οἱ]
583 1618 781 1673 γράφεται
804 1623 825 1640 “
843 1618 945 1659 ὅτε”

330 1696 425 1742 237.
459 1685 686 1744 συμφερτή]
711 1685 1012 1739 συμφορωτέρα,
1035 1685 1325 1738 ὠφελιμωτέρα
1418 1683 1597 1742 λυγρῶν]
1622 1686 1804 1728 ἀσθενῶν

330 1754 425 1808 238.
458 1751 692 1809 ἀγαθοῖσιν]
717 1756 799 1795 τοῖς
823 1753 1019 1805 ἀνδρείοις

331 1834 426 1877 239.
461 1819 901 1877 καὶ-ἐπισταίμεσθα]
928 1820 990 1862 καὶ
1012 1821 1290 1875 δυνα<ί>μεθα
1312 1834 1390 1861 ree.

202 1908 250 1947 25
331 1903 425 1941 241.
458 1891 573 1931 ἕλετο
602 1890 660 1942 ἧν,
685 1891 748 1931 καὶ
771 1891 952 1946 συγκοπῇ
977 1890 1082 1938 ἕλτο,
1107 1890 1171 1932 καὶ
1193 1890 1316 1942 τροπῇ
1340 1892 1408 1929 τοῦ
1430 1880 1460 1929 λ
1480 1890 1536 1932 εἷς
1561 1887 1587 1931 ἶ)
1613 1889 1715 1939 ἕντο,
1738 1887 1803 1930 καὶ

271 1959 461 2013 προθέσει
483 1963 551 1999 τοῦ
574 1965 599 2013 γ
625 1958 821 2012 (εγέντομ
857 1959 943 2000 ἔστι
966 1960 1007 2000 δὲ
1030 1963 1108 2000 τῶν
1131 1958 1311 1999 Αἰολέων

331 2038 426 2081 252.
459 2025 544 2085 τεῦ]
569 2029 662 2081 περί
682 2045 787 2070 τινος
810 2027 895 2072 Β-Ι-
1062 2037 1156 2080 257.
1190 2024 1422 2084 οἰσόμενος]
1448 2028 1573 2082 ἑαυτῷ

331 2097 426 2150 276.
458 2094 697 2152 λεγοίμεθα]
732 2097 1021 2148 ἆθροιζοίμεθα,
1057 2097 1357 2149 ἐπιλεγοίμεθα.
1389 2094 1413 2146 ἢ
1452 2095 1530 2136 ἀπὸ
1563 2099 1631 2136 τοῦ
1662 2093 1804 2148 λόχου·

275 2168 338 2220 <εἶ
360 2166 608 2220 λεγοίμεθα>
631 2167 686 2208 εἷς
707 2164 847 2219 λόχον,
871 2164 962 2206 οὐδέ
985 2182 1052 2207 κεν
1074 2166 1170 2207 ἔνθα
1190 2163 1281 2206 τεόν
1302 2182 1348 2218 γε
1369 2163 1487 2216 μένος
1509 2162 1631 2220 (287)
1647 2163 1735 2209 Α-Ι-

203 2253 253 2290 30
333 2244 426 2289 279.
459 2235 627 2277 ἄλλυδις
653 2232 784 2290 ἄλλῃ]
808 2235 886 2275 ἀπὸ
909 2234 1038 2275 ἄλλου
1061 2236 1117 2276 εἰς
1139 2234 1245 2274 ἄλλο
1268 2233 1501 2285 κατάστημα

332 2304 427 2346 286.
461 2303 565 2344 δαΐδι
588 2304 651 2344 καὶ
674 2304 857 2358 ἀποκοπῇ
882 2307 904 2324 “
919 2302 1018 2343 δάι”

333 2373 430 2423 287.
464 2371 553 2412 οὐδέ
573 2389 640 2413 κεν
662 2369 776 2427 ἔνθα]
801 2371 979 2422 οὐδαμῶς
1155 2367 1307 2426 ὄνοιτο]
1333 2368 1538 2422 μέμψαιτό
1561 2386 1619 2412 τις

332 2441 428 2483 288.
461 2438 719 2496 πονεύμενος]
744 2442 917 2493 ἐνεργῶν

334 2522 430 2563 291.
463 2506 671 2564 ὀαριστύν]
697 2508 995 2561 συνομιλία<ν>
1179 2507 1274 2561 298.
1307 2504 1411 2563 οἶος]
1436 2507 1574 2549 ὁποῖος

204 2596 253 2634 35
333 2591 429 2633 300.
464 2574 670 2632 ἐφόβησε]
696 2578 751 2619 εἰς
774 2576 906 2629 φυγὴν
929 2576 1099 2628 ἔτρεψεν
1611 2565 1614 2568 ’

331 2655 430 2701 307.
463 2642 711 2701 Δευκαλίδη]
735 2645 818 2687 υἱὸς
842 2645 1120 2686 Δευκαλίωνος
1137 2643 1177 2683 A
1192 2653 1225 2688 ÷

332 2723 429 2770 315.
460 2712 548 2770 μίν]
572 2717 714 2755 τοῦτον

468 2782 531 2824 καὶ
553 2781 776 2834 ἐσσύμενον
798 2778 1010 2836 πολέμοιο]
1037 2781 1099 2821 καὶ
1119 2781 1215 2822 λίαν
1236 2780 1559 2833 προθυμούμενον
1582 2782 1774 2832 πολεμεῖν

318 2958 347 2989 5.
372 2947 430 2979 τοῦ
446 2949 466 2988 ἧ
493 2952 504 2988 ΙΙ
533 2946 656 2979 ἲωνικδν
683 2951 696 2987 ῃ
723 2946 753 2979 6.
779 2944 901 2978 ἷωνικὸν
927 2949 938 2984 ΙΙ
968 2952 994 2985 7.
1018 2944 1086 2975 ἅλω
1112 2948 1123 2982 Η
1154 2946 1200 2978 18.
1226 2944 1366 2986 ἔμβρύου
1391 2948 1403 2984 ΙΙ
1436 2954 1485 2976 22.
1511 2941 1671 2985 συνφερτή
1705 2946 1717 2981 ΙΙ
1753 2944 1802 2974 28.

273 2991 484 3032 ἀθροιζὼμεθα
510 2995 522 3031 Η
552 3001 599 3033 ²9·
626 2990 776 3033 supplevi
793 3001 832 3021 ex
850 2990 882 3020 A
910 2992 922 3030 ΙΙ
951 2998 1001 3029 32.
1027 2988 1185 3030 μέμψοιτο
