1939 3227
1528 126 1549 163 C(

1556 126 1609 163 εἶ

614 132 841 170 nmmos
872 132 919 169 ψ.
952 128 1068 184 (523)

161 259 231 300 91.
263 243 358 302 ὁμή]
379 244 402 296 ἡ
427 243 523 295 αὐτή
701 256 767 296 94.
801 239 934 298 ἠθείη]
960 243 1048 282 θεία

134 326 225 367 107.
259 312 384 371 ἔικτο]
410 314 588 365 ὡμοίωτο
765 311 980 364 θέσκελον]
999 312 1113 352 θείως

133 397 152 424 1
166 397 181 424 1
195 396 226 423 Ι.
258 383 419 436 οὐρῆας]
442 382 490 422 τὰ
511 381 712 434 λεγόμενα
731 378 1099 431 μουλαροφορτηγά

134 463 229 506 115.
263 451 419 505 σειράς]
449 451 704 505 <σ>χοίνους

135 521 227 562 116.
261 518 416 577 πολλά]
440 524 560 561 τοπία
735 514 904 573 ἄναντα]
929 518 1116 569 ἀνωφερῆ
1136 516 1222 556 B:
1632 529 1652 566 5

266 587 458 646 κάταντα]
486 590 694 640 κατωφερῆ
719 586 806 626 B:
990 582 1190 641 πάραυτα]
1217 583 1349 636 ὁμαλά

265 656 430 715 δόχμια]
456 657 611 710 πλάγια
635 656 723 696 B:

136 738 228 768 121.
261 727 417 780 ἔκδεον]
441 726 633 777 ἐδέσμουν
810 724 892 778 ταί]
916 725 955 765 αἱ
976 724 1135 775 ἡμίονοι

135 808 228 837 122.
261 793 492 852 ἐλδόμεναι]
517 795 836 848 προθυμούμεναι
953 792 1126 847 ῥωπήια]
1149 795 1198 833 τὰ
1225 792 1409 846 φρύγανα

134 877 228 920 130.
261 869 417 918 χαλκὸν
440 864 679 917 ζώννυσθαι]
705 865 870 916 σίδηρον
894 863 1215 912 καθοπλίζεσθαι
1635 874 1682 898 10

136 933 226 988 136.
261 933 377 987 κάρη]
399 937 468 974 τοῦ
490 934 728 985 Πατρόκλου
916 944 1010 981 144.
1044 931 1197 984 ἄλλως]
1219 930 1346 981 μάτην
1368 944 1446 970 rec.
1463 929 1550 973 A÷

136 1012 231 1056 159.
264 1000 484 1059 ὅπλεσθαι]
510 1003 740 1054 εὐτρεπίσαι
847 1001 939 1042 160.
973 999 1130 1053 κήδεος]
1154 1000 1365 1052 φροντίδος
1387 998 1498 1050 ἄξιος
1512 998 1602 1037 A=

134 1073 228 1123 169.
262 1071 402 1124 δρατά]
425 1073 473 1112 τὰ
496 1070 614 1123 νεκρά

135 1150 230 1193 177.
263 1140 468 1193 σιδήρεον]
493 1140 662 1194 ἰσχυρόν
839 1135 1016 1194 νέμοιτο]
1043 1139 1148 1179 καίοι

135 1209 230 1250 186.
260 1208 645 1263 ῥοδόεντι-ἐλαίῳ]
668 1212 721 1262 τῷ
743 1208 940 1262 ῥοδελαίῳ
964 1206 1170 1262 λεγομένῳ
1635 1219 1681 1256 15

136 1281 230 1331 187.
264 1278 507 1331 ἀποδρύφοι]
531 1276 696 1328 ἀποξέοι
874 1273 1145 1332 ἑλκυστάζων]
1172 1277 1191 1316 ὁ
1213 1276 1433 1329 Ἀχιλλεύς
1455 1275 1545 1314 A:

138 1361 228 1400 190.
258 1348 395 1401 μένος]
417 1349 463 1388 τό

137 1429 230 1468 191.
264 1417 447 1470 σκήλειε]
472 1416 665 1457 σκελετὸν
686 1414 881 1466 ποιήσειε,
905 1414 1070 1467 ξηράναι
1092 1415 1129 1454 Α
1145 1424 1178 1459 4-

269 1487 372 1538 ἆμφὶ
394 1485 483 1538 περὶ
504 1486 608 1539 χρόα
628 1484 776 1538 ἴνεσιν]
799 1484 868 1525 τὸν
891 1485 993 1537 ἀμφὶ
1016 1487 1098 1526 τοῖς
1121 1484 1274 1536 νεύροις
1295 1485 1399 1537 χρόα

137 1564 228 1610 195.
259 1555 385 1611 βορέῃ
409 1556 473 1595 καὶ
497 1554 670 1609 ζεφύρῳ]
694 1557 904 1607 συγγενεῖς
927 1554 1034 1594 οὗτοι
1637 1569 1686 1593 20

137 1637 230 1679 197.
264 1623 554 1677 φλεγεθοίατο]
579 1622 776 1675 φλέξαιεν
955 1635 1049 1663 200.
1083 1622 1120 1663 οἳ
1141 1622 1233 1676 μέν]
1258 1624 1295 1662 οἱ
1319 1622 1458 1674 ἄνεμοι

136 1695 229 1736 216.
262 1693 382 1749 πυρῇ]
406 1695 451 1748 τῇ
474 1692 630 1748 μεγάλῃ
654 1692 757 1746 πυρᾷ
936 1692 1032 1733 226.
1067 1689 1203 1748 ἐρέων]
1227 1692 1386 1743 μηνύων

135 1776 231 1818 233,
265 1763 301 1803 οἳ
324 1763 386 1816 δέ]
403 1761 605 1812 (Έλληνες
784 1773 876 1816 234.
908 1761 993 1814 μίν]
1016 1761 1085 1801 τὸν
1109 1759 1308 1814 Ἀχιλλέα

136 1845 232 1883 240.
266 1830 744 1885 ἀριφραδέα-τέτυκται]
770 1831 1047 1883 εὐεπίγνωστα
1069 1829 1293 1883 ὑπάρχουσι
1317 1832 1366 1870 τὰ
1388 1830 1491 1870 ὀστᾶ

137 1914 232 1957 243.
269 1900 491 1954 <δίπλακι>
518 1899 646 1955 δημῷ]
671 1901 768 1942 ἴσως
796 1901 872 1952 γὰρ
905 1898 953 1950 ἦν
986 1900 1050 1940 καὶ
1084 1898 1187 1939 κάτω
1220 1903 1298 1940 τῶν
1330 1900 1462 1940 ὀστῶν
1492 1900 1613 1942 λίπος
1637 1912 1684 1950 25

78 1971 143 2010 καὶ
167 1970 246 2010 ἄνω
268 1973 346 2010 τῶν
368 1969 500 2009 ὀστῶν

139 2048 234 2090 257.
266 2037 474 2092 χεύαντες]
499 2037 879 2090 ἀναχωματίσαντες

138 2107 234 2148 261.
267 2106 430 2159 πολιόν]
457 2107 526 2147 τὸν
549 2107 719 2157 ἔντιμον,
743 2105 811 2145 τὸν
832 2106 1129 2159 χρησιμεύοντα
1151 2106 1207 2148 εἷς
1230 2105 1352 2145 πόλιν

138 2177 232 2230 263.
267 2173 379 2232 θῆκε]
404 2176 442 2216 τί
467 2177 509 2216 δὲ
532 2175 704 2226 ἔθηκεν;

137 2246 232 2286 266.
263 2244 438 2297 βρέφος]
462 2244 637 2296 ἔμβρυον
816 2244 911 2296 276.
946 2243 1053 2297 περί]
1076 2242 1173 2295 ὑπέρ
1195 2242 1291 2281 A:
1638 2262 1688 2297 30

139 2326 231 2366 292.
264 2313 401 2367 αὐτόν]
424 2314 493 2355 τὸν
517 2314 681 2354 Αἰνείαν
802 2324 897 2366 299.
933 2313 1151 2367 εὐρυχόρῳ]
1175 2315 1221 2368 τῇ

137 2396 230 2438 310.
263 2380 336 2439 τῳ]
362 2385 426 2423 διὰ
448 2386 564 2423 τοῦτο
742 2392 840 2436 315.
865 2381 977 2435 μήτι]
1000 2381 1150 2433 “μήτει
1166 2381 1187 2396 ”

271 2450 359 2504 μέγ’
383 2449 574 2507 ἀμείνων]
598 2452 643 2506 τῇ
666 2452 799 2506 βουλῇ
991 2452 1086 2505 318.
1118 2450 1230 2504 μήτι]
1254 2454 1274 2473 “
1290 2450 1440 2503 μήτει”

137 2532 234 2575 329.
267 2520 361 2573 λᾶε]
384 2521 491 2559 λίθοι
669 2520 918 2573 ἐρηρέδαται]
941 2521 1199 2573 στηρίζουσιν

141 2601 237 2644 330.
272 2588 416 2641 ἀμφίς]
440 2589 726 2640 ἀμφότερωθεν
902 2602 999 2644 331.
1033 2589 1117 2642 τεῦ]
1140 2590 1248 2631 τινός
1638 2606 1687 2643 35

138 2670 234 2713 333.
269 2658 332 2698 καὶ
355 2661 423 2697 νῦν
446 2655 602 2708 τέρματ’
626 2657 760 2710 ἔθηκε]
785 2660 882 2698 κατὰ
903 2658 948 2698 τὸ
972 2659 1234 2708 σιωπώμενον

254 2725 444 2778 τέρματα]
469 2726 668 2776 καμπτούς

139 2803 235 2848 335.
268 2791 495 2850 κλινθῆναι]
521 2794 722 2846 κάμφθητι
899 2795 995 2849 336.
1028 2792 1147 2850 τοῖιν]
1172 2797 1249 2836 τῶν
1271 2795 1404 2835 ἵππων
1426 2808 1502 2835 rec.

141 2875 238 2918 337.
272 2863 429 2916 κένσαι]
454 2866 641 2913 κεντῆσαι
818 2863 922 2914 εἶξαί
942 2881 984 2905 τε
1007 2863 1062 2916 οἱ]
1087 2865 1289 2904 ἐπιδοῦναι
1311 2863 1413 2917 αὐτῷ

127 2963 155 2993 3.
180 2953 313 2992 δεόμενα
341 2958 351 2990 Η
378 2954 572 2984 terminatio
596 2965 679 2992 τηγα
704 2954 832 2985 incerta
861 2959 873 2991 ΙΙ
909 2955 956 2984 18.
981 2952 1100 2993 ξηράνῃ
1133 2957 1145 2990 Η
1183 2962 1230 2993 19.
1255 2953 1366 2994 χρῶτα
1389 2954 1419 2985 D
1453 2957 1464 2991 ΙΙ
1500 2964 1550 2994 25.
1575 2954 1615 2984 ἂν

82 3003 160 3029 ante
177 2995 216 3036 ἧν
233 2998 327 3027 omisi
355 3001 366 3034 ΙΙ
394 3007 445 3036 32.
470 2996 566 3036 μήτηι
594 3001 605 3033 Η
634 3007 684 3037 34.
711 2996 912 3037 στηρίζουσιν
930 2998 1068 3038 scripsi:
1094 2997 1253 3035 ἑλίξουσιν
