1939 3227
674 111 900 149 ῐΛιΑΔοΣ
935 112 977 148 Β.
1010 107 1066 162 (2
1085 108 1099 162 )
1565 107 1648 145 495

171 225 269 279 569.
303 222 616 280 ἐπιγνάμψασα]
641 221 909 274 ἐπικάμψασα
931 222 1019 272 ἤτοι
1042 219 1254 273 πραΰνασα
1276 223 1364 261 Α·-

172 302 270 346 570.
303 289 515 349 ὤχθησαν]
540 290 823 345 ἠγανάκτησαν

173 370 270 414 571.
303 363 323 403 6
355 361 481 415 αἰθήρ,
514 362 559 403 τὸ
591 360 764 414 καθαρὸν
797 359 859 400 καὶ
890 360 1049 411 διαυγὲς
1080 361 1169 410 πῦρ,
1201 357 1300 401 Ζεύς
1333 359 1431 407 ἐστι,
1454 357 1499 398 τὸ
1531 359 1575 399 δὲ
1607 358 1651 398 ἐν

114 430 261 484 χρήσει
295 432 358 472 καὶ
389 432 596 484 ἀερομιγὲς
618 429 867 482 ”Ηφαιστος,
892 427 971 468 ἀπὸ
997 430 1066 467 τοῦ
1095 427 1221 479 ἧφθαι
1249 425 1544 478 ὠνομασμένος.
1587 426 1651 467 διὰ

116 503 232 540 τοῦτο
262 500 327 541 καὶ
357 501 400 541 ἐκ
431 500 528 542 Διὸς
550 501 614 540 καὶ
639 498 772 551 ‘'Hpas*
794 498 955 550 ἔφασαν
985 496 1104 537 αὐτόν
1135 512 1239 538 τινες
1260 494 1462 548 γενέσθαι,
1485 495 1522 535 οἳ
1544 496 1585 536 δὲ
1609 497 1651 536 ἐκ
1674 507 1696 545 5

114 568 239 619 μόνης
271 569 340 618 τῆς
370 567 514 620 ’Ἠρας,
548 568 648 608 διότι
685 568 725 607 αἱ
762 566 918 620 φλόγες
955 563 1304 618 παχυμερέστεραί
1336 581 1420 606 πως
1454 563 1573 604 οὖσαι
1610 565 1652 604 ἐκ

114 637 237 688 μόνου
267 641 337 677 τοῦ
367 637 481 690 ἀέρος
504 636 779 688 διακαιομένου
801 636 873 686 τὴν
893 635 1120 675 ὑπόστασιν
1141 632 1445 684 λαμβάνουσιν.
1488 631 1653 685 λέγεται

116 707 159 746 δὲ
182 703 523 759 “κλυτοτέχνης·”
557 707 594 746 οἱ
623 707 699 758 γὰρ
729 705 894 746 πλείους
916 705 962 759 τῇ
986 703 1140 757 Ἀθηνᾷ
1164 702 1228 743 καὶ
1257 701 1310 756 τῷ
1342 700 1561 756 ἝΙφαίστῳ
1584 699 1654 741 τὰς

116 773 260 828 τέχνας
282 773 523 823 ἀνατιθέασι,
547 776 592 829 τῇ
618 775 691 826 μὲν
712 771 875 827 Ἀθηνᾷ,
899 772 987 813 ἐπεὶ
1020 773 1219 824 φρόνησις
1249 771 1314 812 καὶ
1337 770 1529 824 ἀγχίνοια
1552 769 1653 810 εἶναι

116 845 234 893 δοκεῖ,
257 843 309 897 τῷ
334 844 377 883 δὲ
396 843 614 897 “Ηφαίστῳ
637 844 702 883 διὰ
723 845 768 882 τὸ
791 842 861 884 τὰς
883 842 1080 883 πλείστας
1102 844 1181 882 τῶν
1201 843 1355 893 τεχνῶν
1376 840 1441 879 διὰ
1462 837 1583 891 πυρὸς
1605 839 1654 877 τὰ
1678 855 1724 879 10

116 913 266 953 ἑαυτῶν
287 911 384 964 ἔργα
406 913 641 952 ἀποδιδόναι
665 909 857 966 (Cornut.
881 909 1024 952 Theol.
1047 923 1080 949 e.
1108 922 1156 963 19
1182 923 1220 962 p.
1246 921 1299 964 33
1323 906 1392 964 L.)

174 989 271 1032 577.
305 977 536 1036 παράφημι]
561 983 740 1032 παραινῶ
764 982 797 1019 Α
812 988 846 1023 ÷
1032 985 1127 1031 591.
1161 974 1358 1033 τεταγών]
1382 975 1545 1027 τινάξας

305 1049 406 1099 τάζω
439 1049 484 1089 τὸ
516 1050 643 1098 τείνω,
670 1049 690 1088 6
721 1046 886 1099 μέλλων
914 1044 1032 1096 τάξω,
1065 1047 1085 1085 6
1116 1046 1241 1097 μέσος
1272 1046 1560 1098 παρακείμενος
1591 1044 1655 1085 τέ-

117 1135 233 1171 ταγα,
257 1119 278 1157 6
306 1118 486 1170 δεύτερος
516 1118 703 1167 ἀόριστος
729 1116 884 1169 ἔταγον,
906 1114 930 1165 ἡ
963 1114 1114 1168 μετοχὴ
1147 1115 1280 1168 ταγών
1303 1115 1367 1156 καὶ
1390 1116 1490 1155 κατὰ
1519 1114 1656 1155 ἀναδι-

117 1190 382 1237 πλασιασμὸν
404 1189 425 1208 “
441 1185 618 1238 τεταγῶν
630 1184 650 1199 ”
1681 1199 1694 1223 1
1707 1196 1728 1233 5

305 1256 470 1309 ῥιφῆναι
505 1256 582 1295 ὑπὸ
622 1257 691 1294 τοῦ
733 1253 832 1296 Διὸς
874 1254 930 1295 εἷς
969 1254 1047 1306 γῆν
1089 1253 1109 1292 6
1142 1250 1379 1304 ’Ἥφαιστος
1414 1251 1578 1305 λέγεται
1614 1250 1661 1302 ἐξ

118 1324 283 1377 οὐρανοῦ
315 1326 380 1365 διὰ
411 1323 456 1365 τὸ
487 1323 577 1366 τοὺς
608 1323 786 1376 πρώτους
817 1324 916 1364 ἴσως
950 1320 1194 1374 ἀρξαμένους
1224 1323 1404 1375 χρῆσθαι
1437 1317 1572 1377 πυ[ρὶ]
1613 1322 1655 1361 ἐκ

119 1393 434 1446 κεραυνοβολίου
457 1389 694 1448 καιο[μένῳ]
720 1390 913 1446 (ΟοΥΠηῒ-.
936 1390 962 1430 l.
985 1404 1017 1430 0.
1041 1405 1079 1444 p.
1104 1390 1179 1445 34)

177 1462 271 1503 606.
304 1462 440 1516 χωλὸς
471 1463 492 1501 6
516 1461 754 1514 “Ήφαιστος
782 1459 947 1513 λέγεται
970 1461 1034 1500 διὰ
1055 1460 1100 1500 τὸ
1125 1460 1178 1511 μὴ
1202 1459 1398 1500 δύνασθαι
1419 1459 1657 1511 προβαίνειν

117 1532 213 1585 δίχα
243 1530 444 1582 ξυλώδους
472 1534 579 1572 τινὸς
601 1529 789 1582 βάκτρου.
832 1529 936 1571 τινὲς
966 1528 1007 1569 δέ
1033 1533 1151 1580 φασι,
1174 1529 1274 1569 διότι
1296 1528 1367 1578 τὴν
1389 1528 1469 1568 ἄνω
1499 1529 1658 1578 κίνησιν
1680 1541 1728 1566 20

119 1603 187 1651 τῆς
211 1599 312 1640 κάτω
335 1599 432 1652 πρὸς
454 1600 526 1651 τὴν
547 1599 701 1652 τροφὴν
718 1599 861 1640 ἄνισον
876 1597 939 1639 καὶ
963 1598 1176 1647 ἀνώμαλον
1198 1600 1381 1638 ποιεῖται·
1413 1595 1659 1650 βραδυτέρας

118 1670 160 1709 δὲ
184 1669 299 1718 αὐτῆς
322 1669 443 1719 οὔσης
463 1669 683 1722 χωλαίνειν
705 1667 824 1708 αὐτὸν
847 1666 1009 1719 ἔφασαν
1031 1664 1225 1721 (Cornut.
1248 1665 1273 1706 l.
1293 1679 1326 1706 c.
1353 1680 1392 1719 p.
1420 1679 1473 1721 33
1497 1664 1576 1721 sq.)

307 1735 574 1794 κακκείοντες]
599 1736 1049 1788 κατακοιμηθησόμενοι.

871 1831 914 1868 Β.

182 1911 216 1939 1.
249 1895 690 1954 **<ἱπποκορυσταί>]
715 1899 752 1938 οἱ
776 1897 839 1950 ἐφ’
864 1899 998 1938 ἵππων
1021 1898 1279 1948 ὁπλιζόμενοι
1299 1895 1323 1947 ἢ
1347 1898 1492 1939 ἵππους
1514 1896 1658 1950 κορύσ-
1683 1914 1730 1950 25

121 1967 506 2010 σοντες-τουτέστι
528 1964 823 2016 πολεμικοί--ἢ
849 1966 928 2007 ἀπὸ
950 1969 1030 2006 τῶν
1051 1967 1186 2008 ἵππων
1207 1967 1429 2019 μαχόμενοι

181 2035 217 2077 8.
250 2036 369 2079 οὖλος
399 2037 587 2086 σημαίνει
618 2034 664 2076 δ’·
708 2039 777 2075 τὸν
799 2035 1028 2087 ὁλόκληρον
1052 2037 1075 2057 “
1093 2034 1397 2087 ἄρτον--οῧλον
1419 2035 1523 2075 ἑλὼν
1548 2031 1660 2091 [ἐπέ-

122 2122 231 2156 νειμε
258 2102 450 2161 τραπέζῃ]
467 2104 489 2119 ”
515 2103 613 2159 (Od.
641 2115 705 2156 17.
735 2102 839 2159 343)
863 2104 927 2144 καὶ
959 2103 1029 2144 τὸν
1059 2104 1254 2155 μαλακόν,
1277 2103 1328 2145 ὧς
1358 2103 1402 2143 τὸ
1426 2106 1447 2125 “
1467 2103 1597 2144 οὔλων
1618 2120 1661 2144 τε

122 2173 308 2225 ταπήτων
323 2173 345 2189 ”
379 2172 451 2230 (ΙΙ.
490 2174 552 2214 16.
589 2178 692 2228 224)
724 2172 788 2214 καὶ
829 2176 899 2214 τὸν
939 2172 1134 2225 ὀλέθριον,
1172 2172 1223 2215 ὡς
1264 2172 1309 2212 τὸ
1347 2175 1365 2193 “
1385 2172 1504 2214 οὖλος
1536 2171 1661 2224 Ἀρης

122 2244 267 2296 ὤτρυνε
287 2242 523 2294 μετελθῶν”
542 2240 613 2297 (Il.
633 2251 671 2294 5.
688 2240 793 2297 461)
809 2243 871 2282 καὶ
893 2241 963 2283 τὸν
986 2241 1351 2294 συνεστραμμένον,
1376 2241 1427 2284 ὡς
1449 2241 1493 2281 τὸ
1511 2240 1660 2294 (ίγυρὸς
1681 2257 1732 2293 30

121 2314 164 2353 ἐν
187 2313 356 2364 ὤμοισιν
376 2312 651 2365 μελανόχροος
674 2310 979 2361 οὐλοκάρηνος”
1003 2309 1103 2366 (Od.
1131 2323 1194 2362 19.
1221 2310 1323 2365 246)
1347 2313 1429 2354 A÷

184 2394 248 2422 11.
283 2379 320 2438 ἕ]
345 2380 465 2422 αὐτόν
644 2393 706 2421 12.
740 2377 959 2436 πανσυδίῃ]
984 2379 1235 2433 πανστρατιᾷ

312 2449 366 2477 **
384 2450 429 2489 rb
450 2449 581 2491 “νῦν”
605 2452 725 2499 δηλοῖ
744 2450 915 2502 χρόνους
937 2452 1055 2501 τρεῖς
1087 2451 1298 2499 ἐνεστῶτα,
1321 2448 1372 2491 ὡς
1393 2448 1438 2490 τὸ
1460 2452 1481 2470 “
1497 2451 1566 2489 νῦν
1585 2450 1660 2501 μὲν

123 2522 318 2572 πειρᾶται,
341 2518 444 2571 τάχα
465 2517 499 2559 δ’
520 2520 658 2570 ἴψεται
688 2519 774 2560 υἷας
808 2516 984 2572 Ἀχαιῶν
997 2517 1017 2533 ”
1042 2517 1112 2573 (Il.
1140 2530 1175 2560 2.
1203 2516 1315 2573 193)·
1349 2521 1467 2569 δηλοῖ
1493 2518 1557 2558 καὶ
1589 2518 1658 2558 τὸν

521 2590 541 2608 6(
587 2590 604 2599 ⁶

124 2588 360 2639 ἐληλυθότα,
380 2587 431 2630 ὡς
452 2587 496 2627 τὸ
561 2604 630 2628 νυν
650 2587 996 2637 μὲν-Μενέλαος
1019 2588 1204 2638 ἐνίκησεν
1226 2587 1300 2628 σὺν
1320 2586 1472 2642 Ἀθήνῃ
1485 2585 1507 2600 ”
1532 2584 1598 2641 (ll.
1619 2599 1657 2641 3.
1679 2602 1727 2641 35

123 2656 243 2712 439)·
277 2656 462 2708 σημαίνει
489 2656 552 2696 καὶ
573 2655 641 2696 τὸν
662 2655 877 2707 μέλλοντα,
903 2655 954 2698 ὡς
985 2656 1030 2696 τὸ
1060 2660 1084 2678 “
1101 2658 1170 2697 νῦν
1190 2657 1263 2707 μὲν
1296 2655 1494 2710 ἐγχεί<ῃ>
1520 2654 1657 2707 πειρή-

126 2723 282 2778 σομαι”
306 2723 376 2780 (Il.
400 2733 439 2777 5.
466 2723 564 2779 279)
589 2728 703 2769 AB÷

188 2807 250 2844 14.
285 2792 471 2833 ἀθάνατοι
504 2793 739 2847 φράζονται]
773 2794 809 2834 οἳ
841 2796 915 2844 μὲν
947 2795 1043 2846 ὑπὲρ
1065 2792 1292 2843 Ἑλλήνων,
1324 2793 1360 2832 οἳ
1390 2793 1432 2833 δὲ
1461 2793 1558 2844 ὑπὲρ
1581 2795 1658 2833 τῶν

124 2864 272 2917 Τρώων
295 2866 376 2908 A÷

173 2946 221 2977 14.
244 2937 260 2967 ὁ
279 2940 357 2968 ante
380 2935 486 2976 ταγῶν
504 2936 597 2967 omisi
624 2940 635 2974 Η
665 2945 712 2968 21.
738 2935 778 2976 τῇ
802 2948 829 2966 κ.
848 2937 931 2967 coni.
949 2935 1158 2967 Studemund
1186 2939 1197 2972 Η
1226 2943 1275 2975 27,
1295 2937 1343 2966 28.
1370 2935 1505 2967 inclusi:
1531 2946 1594 2967 om.
1611 2937 1658 2974 A,

125 2980 332 3020 περικαλλέος
351 2980 385 3010 ἔκ
401 2979 527 3010 κανέοιο
544 2980 636 3010 codd.
658 2980 718 3012 Od.
745 2984 757 3015 ΙΙ
785 2979 835 3018 36.
863 2980 918 3010 νῦν
935 2978 1003 3010 αὖτ’
1020 2980 1113 3010 codd.
1135 2979 1175 3009 Il.
