1939 3227
273 129 362 169 548
827 134 1052 172 ΙΛΙΑΔΟΣ
1084 135 1127 173 Σ.
1160 130 1273 188 (18)

339 255 433 282 100.
468 243 596 297 ἐμεῖο]
622 247 759 298 χεῖρας

339 310 432 351 108.
465 310 631 369 ἐφέηκε]
655 314 892 365 παρώρμηκε
1057 327 1148 367 109.
1182 315 1223 356 ὅς
1245 313 1305 367 τε]
1329 314 1349 353 ὁ
1371 314 1497 367 χόλος

339 391 432 419 110.
458 380 579 433 <ἡύτε
601 379 800 438 καπνός>]
827 382 932 432 ζέσις
953 383 1028 435 γὰρ
1050 386 1118 423 τοῦ
1142 383 1231 434 περὶ
1254 383 1416 434 καρδίαν
1438 385 1602 432 αἵματος
1620 381 1669 434 <ὁ
1693 384 1813 432 θυμὸς

278 446 357 500 δι’)
384 448 516 500 ὄρεξιν
538 450 841 501 ἀντιλυπήσεως
862 450 941 490 ΑΒ
956 461 989 496 -1-

235 533 258 570 5
340 528 434 567 Ι24.
467 518 628 572 ἐφείην]
651 519 921 572 ἀναγκάσαιμι
1103 520 1195 574 136.
1228 517 1385 576 νεῦμαι]
1411 519 1626 572 πορεύομαι

339 586 434 639 138.
466 584 609 644 πάλιν]
635 589 692 631 εἰς
713 589 891 629 τούπίσω
1068 588 1170 641 υἷος]
1194 590 1236 629 ἐκ
1259 592 1328 628 τοῦ

339 664 433 707 147.
467 654 633 713 ἐνείκαι]
659 659 820 708 κομίσαι
1003 658 1096 709 176.
1128 655 1166 713 ἕ]
1191 658 1321 707 αὐτόν,
1344 657 1413 699 τὸν
1428 656 1605 708 ’Ἐκτορα

339 723 433 776 178.
466 723 614 782 σέβας]
640 727 760 768 αἰδώς
938 724 1004 782 σέ]
1031 730 1104 766 σοῦ

339 793 432 833 180.
463 792 740 852 ᾐσχυμμένος]
776 796 1140 849 καταισχυνόμενος
1166 795 1211 836 τὸ
1244 796 1472 848 πρόσωπον,
1496 795 1549 846 μὴ
1582 794 1626 835 τὸ
1659 796 1809 836 οἰκεῖον

211 882 258 905 10
279 860 417 916 σῴζων
440 862 590 905 κάλλος

340 930 434 984 198.
468 929 612 989 αὕτως]
638 934 762 975 οὕτως
790 933 842 975 ὡς
865 934 972 987 ἔχεις

336 1011 433 1050 204.
468 998 608 1057 ὤμοις]
634 1002 753 1042 αὐτοῦ
929 1003 1082 1056 αἰγίδα]
1106 1003 1245 1055 φόβον

338 1078 433 1121 205.
466 1068 609 1126 νέφος]
635 1070 678 1111 τὸ
702 1073 938 1123 σκυθρωπόν

338 1139 432 1179 206.
466 1140 605 1191 φλόγα
627 1137 955 1196 παμφανόωσαν]
980 1139 1024 1180 τὸ
1048 1144 1243 1192 φρικῶδες
1267 1141 1329 1181 καὶ
1353 1142 1534 1192 φοβερόν

212 1227 257 1264 15
338 1208 435 1247 208.
469 1208 558 1260 τήν]
581 1209 671 1260 περὶ
693 1209 742 1259 ἥν
918 1206 1041 1265 δήιοι]
1066 1209 1253 1260 πολέμιοι

339 1288 433 1329 209.
467 1278 507 1317 οἵ
526 1274 587 1333 τε]
613 1279 650 1317 οἳ
673 1277 964 1328 πολεμούμενοι
1124 1276 1341 1334 κρίνονται]
1366 1277 1643 1329 δοκιμάζονται

338 1356 434 1385 211.
465 1345 631 1398 πυρσοί]
655 1347 691 1386 οἱ
715 1348 839 1397 φανοί
861 1359 938 1387 ree.

474 1414 744 1469 <ἐπήτριμος>
770 1414 858 1465 ἤτοι
881 1415 1029 1468 συχνὸς
1052 1416 1114 1456 καὶ
1137 1415 1538 1470 ἀλλεπάλ<λ>ηλος·
1577 1416 1713 1468 ὥσπερ
1735 1415 1811 1468 γὰρ

278 1483 323 1523 τὸ
345 1484 564 1534 ἐπηετανός
587 1484 665 1524 ἀπὸ
686 1487 755 1524 τοῦ
778 1484 865 1526 ἔτος
887 1485 1027 1526 ἐτανός
1061 1486 1124 1525 καὶ
1157 1486 1386 1536 ἐπηετανός,
1411 1487 1509 1525 οὕτω
1544 1485 1607 1525 καὶ
1638 1488 1682 1525 τὸ
1714 1483 1810 1535 ἐπή-

211 1576 259 1600 20
279 1570 414 1605 τριμος
445 1552 523 1594 ἀπὸ
557 1557 625 1594 τοῦ
660 1554 770 1606 τρίον
801 1557 869 1594 τοῦ
908 1553 1169 1605 σημαίνοντος
1200 1554 1244 1594 τὸ
1277 1555 1434 1596 πολλόν
1466 1555 1529 1595 καὶ
1560 1553 1659 1605 μετὰ
1691 1556 1813 1593 ταῦτα

279 1625 415 1676 τριμός
436 1622 599 1675 ἤτριμος
622 1622 685 1664 καὶ
712 1623 927 1676 ἐπήτριμος

340 1704 434 1733 212.
469 1693 644 1746 ἰδέσθαι]
668 1694 774 1734 ὥστε
953 1705 1048 1747 213.
1083 1693 1240 1746 νηυσίν]
1267 1696 1352 1734 ταῖς

339 1774 434 1815 219.
467 1761 633 1814 ἀριζήλη
658 1759 792 1818 φωνή]
816 1762 972 1816 μεγάλη
995 1763 1149 1815 γίνεται

341 1842 436 1871 221.
471 1831 636 1883 ἀριζήλη
660 1829 795 1887 φωνή]
821 1831 925 1884 ἄγαν
947 1832 1114 1882 ἔκδηλος

212 1922 259 1957 25
340 1912 436 1954 223.
469 1898 626 1956 ὀρίνθη]
652 1899 851 1954 ἐταράχθη
1034 1912 1126 1951 224.
1162 1900 1277 1954 ὄχεα]
1301 1901 1368 1940 ἐπί

340 1978 435 2022 245.
465 1969 676 2022 μέδεσθαι]
700 1970 914 2021 φροντίσαι
1096 1970 1189 2021 256.
1224 1966 1351 2025 εἶμέν]
1378 1969 1500 2020 ἐσμέν

340 2038 436 2090 258.
467 2040 643 2091 ῥηίτεροι
667 2035 919 2094 πολεμίζειν]
946 2038 1376 2092 εὐκαταγωνιστότεροι

340 2116 436 2160 275.
468 2107 611 2160 πύλαι]
636 2110 704 2149 νῦν
727 2109 775 2147 τὰ
803 2105 1098 2158 οἰκοδομήματα
1220 2107 1314 2159 278.
1347 2105 1420 2163 τῷ]
1445 2108 1497 2161 τῷ
1519 2106 1710 2160 Ἀχιλλεῖ

342 2176 436 2217 286.
470 2176 684 2230 ἀλήμεναι]
707 2177 985 2228 συστραφῆναι

213 2272 263 2306 30
342 2246 436 2296 287.
469 2245 670 2298 ἐελμένοι]
694 2244 1051 2298 συγκεκλεισμένοι

343 2325 438 2367 292.
471 2314 700 2367 περνάμεν’]
723 2313 1038 2366 πιπρασκέμεναι
1215 2311 1311 2369 ἵκει]
1336 2314 1503 2365 ἀφίκετο

343 2394 438 2435 294.
472 2380 611 2437 ἔλσαι]
638 2385 877 2436 συγκλεῖσαι
1053 2395 1149 2436 300.
1186 2380 1354 2437 ἀνιάζει]
1379 2383 1535 2422 ἀνιᾶται

341 2463 438 2505 302.
471 2448 568 2507 τῶν]
593 2455 671 2490 τῶν
691 2451 839 2502 Τρώων

342 2529 440 2574 317.
476 2520 641 2573 <χεῖρας
663 2519 723 2560 ἐπ’
744 2520 1016 2572 ἀνδροφόνους
1043 2519 1207 2571 θέμενος
1226 2519 1449 2571 στήθεσσιν
1466 2517 1672 2576 ἑταίρου>]
1695 2518 1718 2570 ἢ
1744 2521 1813 2562 τὰς

215 2616 263 2654 35
284 2592 421 2643 χεῖρας
443 2592 512 2629 τοῦ
535 2589 773 2639 Πατρόκλου
795 2588 959 2639 θέμενος
983 2590 1026 2628 ἐν
1048 2592 1130 2630 τοῖς
1154 2591 1292 2629 ἑαυτοῦ
1316 2588 1508 2639 στήθεσιν
1529 2588 1608 2628 ΑΒ
1623 2600 1656 2633 -†-

344 2671 441 2712 319.
476 2654 760 2713 ἐλαφηβόλος]
781 2656 972 2709 θηρευτής
1148 2654 1328 2713 ἁρπάσῃ]
1349 2657 1427 2697 ἀπὸ
1447 2656 1589 2709 μέρους
1611 2658 1655 2697 τὸ
1677 2659 1757 2698 πᾶν

345 2739 440 2781 329.
474 2726 612 2779 ἄμφω]
637 2726 885 2778 ἀμφοτέρους
905 2725 1016 2777 ἡμῶν

476 2792 654 2850 ἐρεῦσαι]
680 2796 845 2847 ἐρυθρὰν
867 2795 917 2848 τῷ
942 2795 1077 2845 αἵματι
1100 2795 1266 2844 ποιῆσαι
1284 2794 1374 2833 A:

345 2872 442 2918 335.
477 2867 566 2904 σοῖο
590 2863 760 2916 φονῆος]
783 2866 851 2903 τοῦ
1027 2863 1123 2917 338.
1157 2863 1306 2915 τόφρα]
1329 2862 1424 2904 τέως

333 2959 360 2988 3,
380 2959 408 2989 4.
433 2948 583 2989 supplevi
600 2959 639 2979 ex
657 2949 718 2978 AB
745 2951 756 2986 ΙΙ
783 2958 814 2988 4.
839 2946 939 2987 ὄρεξιν
956 2947 1025 2979 ἀντ.
1048 2951 1200 2987 separata
1222 2947 1263 2978 ab
1285 2948 1579 2978 antecedentibus:
1605 2948 1759 2979 coniunxi
1777 2950 1814 2979 ut

286 2994 351 3023 AB
379 3000 390 3031 g!
421 2999 448 3032 7.
472 2991 597 3030 κομίσοι
624 2995 636 3029 ΙΙ
660 3001 708 3023 20.
736 2990 822 3030 τρίον
839 2991 972 3031 scripsi:
997 2990 1072 3030 τρίω
1099 2994 1110 3027 ll
1139 3000 1188 3030 25.
1214 2990 1260 3021 ἔτι
1278 2995 1356 3022 ante
1373 2990 1423 3021 ἐπὶ
1441 2991 1536 3021 omisi
