<?xml version="1.0" encoding="UTF-8"?>
<!DOCTYPE html PUBLIC "-//W3C//DTD XHTML 1.0 Transitional//EN"
    "http://www.w3.org/TR/xhtml1/DTD/xhtml1-transitional.dtd">
<html xmlns="http://www.w3.org/1999/xhtml" xml:lang="en" lang="en">
 <head>
  <title>
</title>
<meta http-equiv="Content-Type" content="text/html;charset=utf-8" />
  <meta name='ocr-system' content='tesseract 3.04.00' />
  <meta name='ocr-capabilities' content='ocr_page ocr_carea ocr_par ocr_line ocrx_word'/>
</head>
<body>
  <div class='ocr_page' id='page_1' title='image "./scholiagraecainh06homeuoft_0554.png"; bbox 0 0 1939 3227; ppageno 0'>
   <div class='ocr_carea' id='block_1_1' title="bbox 276 112 360 152">
    <p class='ocr_par' dir='ltr' id='par_1_1' title="bbox 276 112 360 152">
     <span class='ocr_line' id='line_1_1' title="bbox 276 112 360 152; baseline 0.024 -2"><span class='ocrx_word' id='word_1_1' title='bbox 276 112 360 152; x_wconf 79' lang='lat'>532</span> 
     </span>
    </p>
   </div>
   <div class='ocr_carea' id='block_1_2' title="bbox 340 223 434 274">
    <p class='ocr_par' dir='ltr' id='par_1_2' title="bbox 340 223 434 274">
     <span class='ocr_line' id='line_1_2' title="bbox 340 223 434 274; baseline 0.011 -11"><span class='ocrx_word' id='word_1_2' title='bbox 340 223 434 274; x_wconf 87' lang='lat'>148.</span> 
     </span>
    </p>
   </div>
   <div class='ocr_carea' id='block_1_3' title="bbox 814 78 1275 166">
    <p class='ocr_par' dir='ltr' id='par_1_3' title="bbox 814 78 1275 166">
     <span class='ocr_line' id='line_1_3' title="bbox 814 78 1275 166; baseline 0.002 -15"><span class='ocrx_word' id='word_1_3' title='bbox 814 78 1038 151; x_wconf 70' lang='grc' dir='ltr'>ιΛΙΑΔΟΣ</span> <span class='ocrx_word' id='word_1_4' title='bbox 1073 113 1128 151; x_wconf 87' lang='lat' dir='ltr'>M.</span> <span class='ocrx_word' id='word_1_5' title='bbox 1161 110 1275 166; x_wconf 80' lang='lat'>(12)</span> 
     </span>
    </p>
   </div>
   <div class='ocr_carea' id='block_1_4' title="bbox 468 221 1807 280">
    <p class='ocr_par' dir='ltr' id='par_1_4' title="bbox 468 221 1807 280">
     <span class='ocr_line' id='line_1_4' title="bbox 468 221 1807 280; baseline -0.001 -16"><span class='ocrx_word' id='word_1_6' title='bbox 468 221 656 280; x_wconf 79' lang='grc' dir='ltr'>ἄγνυτον]</span> <span class='ocrx_word' id='word_1_7' title='bbox 675 255 683 265; x_wconf 93' lang='grc'>.</span> <span class='ocrx_word' id='word_1_8' title='bbox 699 257 706 265; x_wconf 94' lang='grc'>.</span> <span class='ocrx_word' id='word_1_9' title='bbox 724 254 732 264; x_wconf 95' lang='grc'>.</span> <span class='ocrx_word' id='word_1_10' title='bbox 753 223 816 264; x_wconf 79' lang='grc' dir='ltr'>καὶ</span> <span class='ocrx_word' id='word_1_11' title='bbox 832 224 975 277; x_wconf 85' lang='grc' dir='ltr'>ἄγνυμι</span> <span class='ocrx_word' id='word_1_12' title='bbox 993 224 1036 265; x_wconf 86' lang='grc' dir='ltr'>τὸ</span> <span class='ocrx_word' id='word_1_13' title='bbox 1052 223 1164 275; x_wconf 84' lang='grc' dir='ltr'>θέμα,</span> <span class='ocrx_word' id='word_1_14' title='bbox 1181 225 1288 266; x_wconf 85' lang='grc' dir='ltr'>ὅπως</span> <span class='ocrx_word' id='word_1_15' title='bbox 1314 224 1415 277; x_wconf 82' lang='grc' dir='ltr'>ἔσχε</span> <span class='ocrx_word' id='word_1_16' title='bbox 1437 222 1508 274; x_wconf 80' lang='grc' dir='ltr'>τὴν</span> <span class='ocrx_word' id='word_1_17' title='bbox 1529 222 1703 276; x_wconf 85' lang='grc' dir='ltr'>γένεσιν·</span> <span class='ocrx_word' id='word_1_18' title='bbox 1728 221 1807 263; x_wconf 84' lang='grc' dir='ltr'>ἀπὸ</span> 
     </span>
    </p>
   </div>
   <div class='ocr_carea' id='block_1_5' title="bbox 279 292 1806 346">
    <p class='ocr_par' dir='ltr' id='par_1_5' title="bbox 279 292 1806 346">
     <span class='ocr_line' id='line_1_5' title="bbox 279 292 1806 346; baseline -0.001 -13"><span class='ocrx_word' id='word_1_19' title='bbox 279 296 346 333; x_wconf 81' lang='grc' dir='ltr'>τοῦ</span> <span class='ocrx_word' id='word_1_20' title='bbox 367 292 514 346; x_wconf 80' lang='grc' dir='ltr'>ἅ&lt;γ&gt;ω</span> <span class='ocrx_word' id='word_1_21' title='bbox 535 292 722 346; x_wconf 84' lang='grc' dir='ltr'>ῥήματος,</span> <span class='ocrx_word' id='word_1_22' title='bbox 746 292 767 333; x_wconf 81' lang='grc' dir='ltr'>ὃ</span> <span class='ocrx_word' id='word_1_23' title='bbox 790 293 975 345; x_wconf 74' lang='grc' dir='ltr'>σημαίνει</span> <span class='ocrx_word' id='word_1_24' title='bbox 997 293 1042 334; x_wconf 85' lang='grc' dir='ltr'>τὸ</span> <span class='ocrx_word' id='word_1_25' title='bbox 1065 297 1160 342; x_wconf 85' lang='grc' dir='ltr'>κλῶ,</span> <span class='ocrx_word' id='word_1_26' title='bbox 1185 295 1226 333; x_wconf 85' lang='grc' dir='ltr'>ἐκ</span> <span class='ocrx_word' id='word_1_27' title='bbox 1249 293 1387 333; x_wconf 84' lang='grc' dir='ltr'>τούτου</span> <span class='ocrx_word' id='word_1_28' title='bbox 1409 292 1653 346; x_wconf 79' lang='grc' dir='ltr'>πλεονασμῷ</span> <span class='ocrx_word' id='word_1_29' title='bbox 1685 294 1754 332; x_wconf 83' lang='grc' dir='ltr'>τοῦ</span> <span class='ocrx_word' id='word_1_30' title='bbox 1784 292 1806 332; x_wconf 75' lang='grc' dir='ltr'><em>ὗ</em></span> 
     </span>
    </p>
   </div>
   <div class='ocr_carea' id='block_1_6' title="bbox 277 361 1363 414">
    <p class='ocr_par' dir='ltr' id='par_1_6' title="bbox 277 361 1363 414">
     <span class='ocr_line' id='line_1_6' title="bbox 277 361 1363 414; baseline 0.001 -13"><span class='ocrx_word' id='word_1_31' title='bbox 277 362 430 413; x_wconf 88' lang='grc' dir='ltr'>γίνεται</span> <span class='ocrx_word' id='word_1_32' title='bbox 452 364 573 414; x_wconf 77' lang='grc' dir='ltr'>ἀγνῶ,</span> <span class='ocrx_word' id='word_1_33' title='bbox 597 363 639 402; x_wconf 84' lang='grc' dir='ltr'>ἐκ</span> <span class='ocrx_word' id='word_1_34' title='bbox 662 361 801 402; x_wconf 87' lang='grc' dir='ltr'>τούτου</span> <span class='ocrx_word' id='word_1_35' title='bbox 824 361 967 414; x_wconf 82' lang='grc' dir='ltr'>ἀγνύω,</span> <span class='ocrx_word' id='word_1_36' title='bbox 992 364 1034 403; x_wconf 85' lang='grc' dir='ltr'>ἐκ</span> <span class='ocrx_word' id='word_1_37' title='bbox 1057 362 1197 402; x_wconf 85' lang='grc' dir='ltr'>τούτου</span> <span class='ocrx_word' id='word_1_38' title='bbox 1220 361 1363 414; x_wconf 83' lang='grc' dir='ltr'>ἄγνυμι</span> 
     </span>
    </p>
   </div>
   <div class='ocr_carea' id='block_1_7' title="bbox 340 438 432 482">
    <p class='ocr_par' dir='ltr' id='par_1_7' title="bbox 340 438 432 482">
     <span class='ocr_line' id='line_1_7' title="bbox 340 438 432 482; baseline 0.011 -12"><span class='ocrx_word' id='word_1_39' title='bbox 340 438 432 482; x_wconf 84' lang='grc'><strong>157.</strong></span> 
     </span>
    </p>
   </div>
   <div class='ocr_carea' id='block_1_8' title="bbox 236 509 257 547">
    <p class='ocr_par' dir='ltr' id='par_1_8' title="bbox 236 509 257 547">
     <span class='ocr_line' id='line_1_8' title="bbox 236 509 257 547; baseline 0 0"><span class='ocrx_word' id='word_1_40' title='bbox 236 509 257 547; x_wconf 92' lang='grc'>5</span> 
     </span>
    </p>
   </div>
   <div class='ocr_carea' id='block_1_9' title="bbox 340 567 432 621">
    <p class='ocr_par' dir='ltr' id='par_1_9' title="bbox 340 567 432 621">
     <span class='ocr_line' id='line_1_9' title="bbox 340 567 432 621; baseline 0.011 -14"><span class='ocrx_word' id='word_1_41' title='bbox 340 567 432 621; x_wconf 80' lang='lat'>163.</span> 
     </span>
    </p>
   </div>
   <div class='ocr_carea' id='block_1_10' title="bbox 340 637 432 757">
    <p class='ocr_par' dir='ltr' id='par_1_10' title="bbox 340 637 432 757">
     <span class='ocr_line' id='line_1_10' title="bbox 341 637 432 688; baseline 0.011 -13"><span class='ocrx_word' id='word_1_42' title='bbox 341 637 432 688; x_wconf 89' lang='lat'>167.</span> 
     </span>
     <span class='ocr_line' id='line_1_11' title="bbox 340 714 432 757; baseline 0 -13"><span class='ocrx_word' id='word_1_43' title='bbox 340 714 432 757; x_wconf 89' lang='lat'>177.</span> 
     </span>
    </p>
   </div>
   <div class='ocr_carea' id='block_1_11' title="bbox 466 427 1782 624">
    <p class='ocr_par' dir='ltr' id='par_1_11' title="bbox 466 427 1782 624">
     <span class='ocr_line' id='line_1_12' title="bbox 467 427 1670 487; baseline 0.001 -17"><span class='ocrx_word' id='word_1_44' title='bbox 467 427 579 486; x_wconf 81' lang='grc' dir='ltr'>ζαής]</span> <span class='ocrx_word' id='word_1_45' title='bbox 604 430 704 483; x_wconf 83' lang='grc' dir='ltr'>ἄγαν</span> <span class='ocrx_word' id='word_1_46' title='bbox 726 429 857 472; x_wconf 85' lang='grc' dir='ltr'>πνέων</span> <span class='ocrx_word' id='word_1_47' title='bbox 1038 432 1130 470; x_wconf 92' lang='lat'>160.</span> <span class='ocrx_word' id='word_1_48' title='bbox 1165 429 1266 482; x_wconf 78' lang='grc' dir='ltr'>ἀμφ’</span> <span class='ocrx_word' id='word_1_49' title='bbox 1290 427 1405 487; x_wconf 69' lang='grc' dir='ltr'>αὖον]</span> <span class='ocrx_word' id='word_1_50' title='bbox 1430 431 1528 470; x_wconf 79' lang='grc' dir='ltr'>κατὰ</span> <span class='ocrx_word' id='word_1_51' title='bbox 1550 428 1670 480; x_wconf 81' lang='grc' dir='ltr'>ξηρόν</span> 
     </span>
     <span class='ocr_line' id='line_1_13' title="bbox 468 496 1782 554; baseline -0.002 -15"><span class='ocrx_word' id='word_1_52' title='bbox 468 496 628 554; x_wconf 83' lang='grc' dir='ltr'>ἀύτευν]</span> <span class='ocrx_word' id='word_1_53' title='bbox 651 498 777 552; x_wconf 86' lang='grc' dir='ltr'>ἤχουν</span> <span class='ocrx_word' id='word_1_54' title='bbox 955 500 1046 539; x_wconf 84' lang='grc'><strong>161.</strong></span> <span class='ocrx_word' id='word_1_55' title='bbox 1079 496 1324 554; x_wconf 80' lang='grc' dir='ltr'>μυλάκεσσι]</span> <span class='ocrx_word' id='word_1_56' title='bbox 1349 497 1518 552; x_wconf 79' lang='grc' dir='ltr'>τραχέσι</span> <span class='ocrx_word' id='word_1_57' title='bbox 1539 498 1669 540; x_wconf 80' lang='grc' dir='ltr'>λίθοις</span> <span class='ocrx_word' id='word_1_58' title='bbox 1689 497 1782 536; x_wconf 93' lang='lat' dir='ltr'>A=</span> 
     </span>
     <span class='ocr_line' id='line_1_14' title="bbox 466 564 1150 624; baseline 0 -17"><span class='ocrx_word' id='word_1_59' title='bbox 466 564 722 624; x_wconf 85' lang='grc' dir='ltr'>ἀλαστήσας]</span> <span class='ocrx_word' id='word_1_60' title='bbox 748 566 1043 618; x_wconf 84' lang='grc' dir='ltr'>δεινοπαθήσας</span> <span class='ocrx_word' id='word_1_61' title='bbox 1059 567 1150 607; x_wconf 82' lang='lat' dir='ltr'>A:</span> 
     </span>
    </p>
   </div>
   <div class='ocr_carea' id='block_1_12' title="bbox 466 634 1281 760">
    <p class='ocr_par' dir='ltr' id='par_1_12' title="bbox 466 634 1281 760">
     <span class='ocr_line' id='line_1_15' title="bbox 466 634 1235 690; baseline -0.003 -14"><span class='ocrx_word' id='word_1_62' title='bbox 466 636 617 690; x_wconf 82' lang='grc' dir='ltr'>αἰόλοι]</span> <span class='ocrx_word' id='word_1_63' title='bbox 639 634 662 687; x_wconf 82' lang='grc' dir='ltr'>ἢ</span> <span class='ocrx_word' id='word_1_64' title='bbox 685 637 863 677; x_wconf 89' lang='grc' dir='ltr'>ποικίλοι</span> <span class='ocrx_word' id='word_1_65' title='bbox 884 634 907 686; x_wconf 83' lang='grc' dir='ltr'>ἢ</span> <span class='ocrx_word' id='word_1_66' title='bbox 932 636 1126 686; x_wconf 82' lang='grc' dir='ltr'>εὐκίνητοι</span> <span class='ocrx_word' id='word_1_67' title='bbox 1148 635 1235 679; x_wconf 64' lang='grc' dir='ltr'>Α-ὶ-</span> 
     </span>
     <span class='ocr_line' id='line_1_16' title="bbox 467 702 1281 760; baseline 0.004 -16"><span class='ocrx_word' id='word_1_68' title='bbox 467 702 702 760; x_wconf 84' lang='grc' dir='ltr'>θεσπιδαές]</span> <span class='ocrx_word' id='word_1_69' title='bbox 725 704 802 745; x_wconf 81' lang='grc' dir='ltr'>ὑπὸ</span> <span class='ocrx_word' id='word_1_70' title='bbox 825 707 924 745; x_wconf 84' lang='grc' dir='ltr'>θεῶν</span> <span class='ocrx_word' id='word_1_71' title='bbox 947 705 1172 754; x_wconf 81' lang='grc' dir='ltr'>ἁπτόμενον</span> <span class='ocrx_word' id='word_1_72' title='bbox 1194 704 1233 743; x_wconf 83' lang='grc' dir='ltr'><strong>Α</strong></span> <span class='ocrx_word' id='word_1_73' title='bbox 1247 714 1281 747; x_wconf 62' lang='grc' dir='ltr'>-ἔ-</span> 
     </span>
    </p>
   </div>
   <div class='ocr_carea' id='block_1_13' title="bbox 339 771 1088 829">
    <p class='ocr_par' dir='ltr' id='par_1_13' title="bbox 339 771 1088 829">
     <span class='ocr_line' id='line_1_17' title="bbox 339 771 1088 829; baseline 0 -16"><span class='ocrx_word' id='word_1_74' title='bbox 339 772 432 815; x_wconf 81' lang='grc'><strong>182.</strong></span> <span class='ocrx_word' id='word_1_75' title='bbox 458 771 737 829; x_wconf 81' lang='grc' dir='ltr'>Πολυποίτης]</span> <span class='ocrx_word' id='word_1_76' title='bbox 756 772 919 824; x_wconf 87' lang='grc' dir='ltr'>Ἕλλην</span> <span class='ocrx_word' id='word_1_77' title='bbox 941 772 988 824; x_wconf 83' lang='grc' dir='ltr'>ἧν</span> <span class='ocrx_word' id='word_1_78' title='bbox 1010 787 1088 813; x_wconf 81' lang='lat' dir='ltr'>ree.</span> 
     </span>
    </p>
   </div>
   <div class='ocr_carea' id='block_1_14' title="bbox 213 840 431 896">
    <p class='ocr_par' dir='ltr' id='par_1_14' title="bbox 213 840 431 896">
     <span class='ocr_line' id='line_1_18' title="bbox 213 840 431 896; baseline 0.009 -17"><span class='ocrx_word' id='word_1_79' title='bbox 213 855 260 880; x_wconf 82' lang='lat'>10</span> <span class='ocrx_word' id='word_1_80' title='bbox 340 840 431 896; x_wconf 88' lang='grc'><strong>183.</strong></span> 
     </span>
    </p>
   </div>
   <div class='ocr_carea' id='block_1_15' title="bbox 340 910 433 950">
    <p class='ocr_par' dir='ltr' id='par_1_15' title="bbox 340 910 433 950">
     <span class='ocr_line' id='line_1_19' title="bbox 340 910 433 950; baseline 0 0"><span class='ocrx_word' id='word_1_81' title='bbox 340 910 433 950; x_wconf 88' lang='lat'><strong>186.</strong></span> 
     </span>
    </p>
   </div>
   <div class='ocr_carea' id='block_1_16' title="bbox 340 991 432 1033">
    <p class='ocr_par' dir='ltr' id='par_1_16' title="bbox 340 991 432 1033">
     <span class='ocr_line' id='line_1_20' title="bbox 340 991 432 1033; baseline 0 -14"><span class='ocrx_word' id='word_1_82' title='bbox 340 991 432 1033; x_wconf 83' lang='lat'>192.</span> 
     </span>
    </p>
   </div>
   <div class='ocr_carea' id='block_1_17' title="bbox 338 1060 434 1171">
    <p class='ocr_par' dir='ltr' id='par_1_17' title="bbox 338 1060 434 1171">
     <span class='ocr_line' id='line_1_21' title="bbox 338 1060 433 1098; baseline -0.011 -9"><span class='ocrx_word' id='word_1_83' title='bbox 338 1060 433 1098; x_wconf 86' lang='lat'>204.</span> 
     </span>
     <span class='ocr_line' id='line_1_22' title="bbox 339 1129 434 1171; baseline -0.021 -14"><span class='ocrx_word' id='word_1_84' title='bbox 339 1129 434 1171; x_wconf 83' lang='lat'>213.</span> 
     </span>
    </p>
   </div>
   <div class='ocr_carea' id='block_1_18' title="bbox 211 1197 433 1580">
    <p class='ocr_par' dir='ltr' id='par_1_18' title="bbox 211 1197 433 1580">
     <span class='ocr_line' id='line_1_23' title="bbox 213 1197 433 1235; baseline 0 -11"><span class='ocrx_word' id='word_1_85' title='bbox 213 1199 258 1235; x_wconf 82' lang='lat'>15</span> <span class='ocrx_word' id='word_1_86' title='bbox 340 1197 433 1227; x_wconf 83' lang='lat'>221.</span> 
     </span>
     <span class='ocr_line' id='line_1_24' title="bbox 340 1253 432 1308; baseline -0.022 -14"><span class='ocrx_word' id='word_1_87' title='bbox 340 1253 432 1308; x_wconf 83' lang='lat'>238.</span> 
     </span>
     <span class='ocr_line' id='line_1_25' title="bbox 338 1332 433 1374; baseline -0.021 -10"><span class='ocrx_word' id='word_1_88' title='bbox 338 1332 433 1374; x_wconf 83' lang='lat'>247.</span> 
     </span>
     <span class='ocr_line' id='line_1_26' title="bbox 339 1399 432 1443; baseline -0.011 -12"><span class='ocrx_word' id='word_1_89' title='bbox 339 1399 432 1443; x_wconf 84' lang='lat'>255.</span> 
     </span>
     <span class='ocr_line' id='line_1_27' title="bbox 340 1461 432 1501; baseline -0.011 0"><span class='ocrx_word' id='word_1_90' title='bbox 340 1461 432 1501; x_wconf 86' lang='lat'>260.</span> 
     </span>
     <span class='ocr_line' id='line_1_28' title="bbox 211 1529 433 1580; baseline -0.005 -11"><span class='ocrx_word' id='word_1_91' title='bbox 211 1545 259 1570; x_wconf 90' lang='lat'>20</span> <span class='ocrx_word' id='word_1_92' title='bbox 340 1529 433 1580; x_wconf 83' lang='lat'>265.</span> 
     </span>
    </p>
   </div>
   <div class='ocr_carea' id='block_1_19' title="bbox 343 1597 435 1649">
    <p class='ocr_par' dir='ltr' id='par_1_19' title="bbox 343 1597 435 1649">
     <span class='ocr_line' id='line_1_29' title="bbox 343 1597 435 1649; baseline -0.022 -10"><span class='ocrx_word' id='word_1_93' title='bbox 343 1597 435 1649; x_wconf 82' lang='lat'>278.</span> 
     </span>
    </p>
   </div>
   <div class='ocr_carea' id='block_1_20' title="bbox 339 1666 433 1708">
    <p class='ocr_par' dir='ltr' id='par_1_20' title="bbox 339 1666 433 1708">
     <span class='ocr_line' id='line_1_30' title="bbox 339 1666 433 1708; baseline -0.021 0"><span class='ocrx_word' id='word_1_94' title='bbox 339 1666 433 1708; x_wconf 85' lang='lat'>280.</span> 
     </span>
    </p>
   </div>
   <div class='ocr_carea' id='block_1_21' title="bbox 465 841 1811 1515">
    <p class='ocr_par' dir='ltr' id='par_1_21' title="bbox 466 841 1462 898">
     <span class='ocr_line' id='line_1_31' title="bbox 466 841 1462 898; baseline 0.003 -17"><span class='ocrx_word' id='word_1_95' title='bbox 466 841 770 898; x_wconf 81' lang='grc' dir='ltr'>χαλκοπαρῄου]</span> <span class='ocrx_word' id='word_1_96' title='bbox 792 843 949 895; x_wconf 78' lang='grc' dir='ltr'>χαλκᾶς</span> <span class='ocrx_word' id='word_1_97' title='bbox 970 844 1265 896; x_wconf 84' lang='grc' dir='ltr'>παραγναθίδας</span> <span class='ocrx_word' id='word_1_98' title='bbox 1289 842 1462 896; x_wconf 76' lang='grc' dir='ltr'>ἐχούσης</span> 
     </span>
    </p>

    <p class='ocr_par' dir='ltr' id='par_1_22' title="bbox 465 908 1073 968">
     <span class='ocr_line' id='line_1_32' title="bbox 465 908 1073 968; baseline -0.003 -16"><span class='ocrx_word' id='word_1_99' title='bbox 465 908 721 968; x_wconf 83' lang='grc' dir='ltr'>πεπάλακτο]</span> <span class='ocrx_word' id='word_1_100' title='bbox 746 910 960 962; x_wconf 82' lang='grc' dir='ltr'>ἐμολύνετο</span> <span class='ocrx_word' id='word_1_101' title='bbox 982 911 1073 950; x_wconf 82' lang='lat' dir='ltr'>A:</span> 
     </span>
    </p>

    <p class='ocr_par' dir='ltr' id='par_1_23' title="bbox 466 977 1240 1035">
     <span class='ocr_line' id='line_1_33' title="bbox 466 977 1240 1035; baseline 0.005 -16"><span class='ocrx_word' id='word_1_102' title='bbox 466 977 751 1035; x_wconf 81' lang='grc' dir='ltr'>αὐτοσχεδίην]</span> <span class='ocrx_word' id='word_1_103' title='bbox 776 981 818 1021; x_wconf 83' lang='grc' dir='ltr'>ἐκ</span> <span class='ocrx_word' id='word_1_104' title='bbox 846 983 913 1021; x_wconf 85' lang='grc' dir='ltr'>τοῦ</span> <span class='ocrx_word' id='word_1_105' title='bbox 937 980 1131 1033; x_wconf 82' lang='grc' dir='ltr'>σύνεγγυς</span> <span class='ocrx_word' id='word_1_106' title='bbox 1152 980 1240 1023; x_wconf 66' lang='grc' dir='ltr'><strong>Α-ἱ·</strong></span> 
     </span>
    </p>

    <p class='ocr_par' dir='ltr' id='par_1_24' title="bbox 467 1044 1811 1173">
     <span class='ocr_line' id='line_1_34' title="bbox 467 1044 1811 1105; baseline -0.001 -17"><span class='ocrx_word' id='word_1_107' title='bbox 467 1045 590 1104; x_wconf 90' lang='grc' dir='ltr'>κόψε]</span> <span class='ocrx_word' id='word_1_108' title='bbox 609 1049 747 1089; x_wconf 83' lang='grc' dir='ltr'>ἔδακεν</span> <span class='ocrx_word' id='word_1_109' title='bbox 761 1047 801 1087; x_wconf 85' lang='grc' dir='ltr'><strong>Α</strong></span> <span class='ocrx_word' id='word_1_110' title='bbox 814 1058 849 1093; x_wconf 62' lang='grc' dir='ltr'>-ἱ-</span> <span class='ocrx_word' id='word_1_111' title='bbox 939 1045 1078 1105; x_wconf 84' lang='grc' dir='ltr'>αὐτόν]</span> <span class='ocrx_word' id='word_1_112' title='bbox 1097 1049 1165 1090; x_wconf 88' lang='grc' dir='ltr'>τὸν</span> <span class='ocrx_word' id='word_1_113' title='bbox 1182 1049 1317 1090; x_wconf 83' lang='grc' dir='ltr'>αἰετόν</span> <span class='ocrx_word' id='word_1_114' title='bbox 1400 1044 1566 1104; x_wconf 81' lang='grc' dir='ltr'>ἔχοντα]</span> <span class='ocrx_word' id='word_1_115' title='bbox 1592 1046 1811 1100; x_wconf 83' lang='grc' dir='ltr'>κατέχοντα</span> 
     </span>
     <span class='ocr_line' id='line_1_35' title="bbox 467 1114 1444 1173; baseline 0 -16"><span class='ocrx_word' id='word_1_116' title='bbox 467 1114 612 1173; x_wconf 80' lang='grc' dir='ltr'>δῆμον]</span> <span class='ocrx_word' id='word_1_117' title='bbox 636 1118 811 1168; x_wconf 88' lang='grc' dir='ltr'>δημότην</span> <span class='ocrx_word' id='word_1_118' title='bbox 987 1115 1132 1172; x_wconf 80' lang='grc' dir='ltr'>παρέξ]</span> <span class='ocrx_word' id='word_1_119' title='bbox 1159 1119 1265 1170; x_wconf 79' lang='grc' dir='ltr'>παρὰ</span> <span class='ocrx_word' id='word_1_120' title='bbox 1286 1117 1331 1157; x_wconf 87' lang='grc' dir='ltr'>τὸ</span> <span class='ocrx_word' id='word_1_121' title='bbox 1353 1116 1444 1158; x_wconf 89' lang='grc' dir='ltr'>δέον</span> 
     </span>
    </p>

    <p class='ocr_par' dir='ltr' id='par_1_25' title="bbox 465 1182 1802 1378">
     <span class='ocr_line' id='line_1_36' title="bbox 468 1182 1802 1242; baseline -0.001 -17"><span class='ocrx_word' id='word_1_122' title='bbox 468 1185 637 1238; x_wconf 85' lang='grc' dir='ltr'>ἀφέηκε]</span> <span class='ocrx_word' id='word_1_123' title='bbox 657 1186 797 1238; x_wconf 79' lang='grc' dir='ltr'>ἔρριψε</span> <span class='ocrx_word' id='word_1_124' title='bbox 874 1196 968 1238; x_wconf 83' lang='grc'><strong>225.</strong></span> <span class='ocrx_word' id='word_1_125' title='bbox 990 1187 1096 1238; x_wconf 80' lang='grc' dir='ltr'>παρὰ</span> <span class='ocrx_word' id='word_1_126' title='bbox 1113 1183 1277 1242; x_wconf 85' lang='grc' dir='ltr'>ναῦφιν]</span> <span class='ocrx_word' id='word_1_127' title='bbox 1298 1185 1376 1226; x_wconf 82' lang='grc' dir='ltr'>ἀπὸ</span> <span class='ocrx_word' id='word_1_128' title='bbox 1393 1189 1472 1227; x_wconf 84' lang='grc' dir='ltr'>τῶν</span> <span class='ocrx_word' id='word_1_129' title='bbox 1494 1188 1598 1236; x_wconf 83' lang='grc' dir='ltr'>νηῶν</span> <span class='ocrx_word' id='word_1_130' title='bbox 1619 1198 1696 1224; x_wconf 82' lang='lat' dir='ltr'>ree.</span> <span class='ocrx_word' id='word_1_131' title='bbox 1711 1182 1802 1223; x_wconf 83' lang='lat' dir='ltr'>A:</span> 
     </span>
     <span class='ocr_line' id='line_1_37' title="bbox 465 1253 1699 1310; baseline 0 -17"><span class='ocrx_word' id='word_1_132' title='bbox 465 1254 510 1294; x_wconf 83' lang='grc' dir='ltr'>οὔ</span> <span class='ocrx_word' id='word_1_133' title='bbox 532 1271 568 1294; x_wconf 89' lang='grc' dir='ltr'>τι</span> <span class='ocrx_word' id='word_1_134' title='bbox 588 1253 855 1306; x_wconf 74' lang='grc' dir='ltr'>μετατρέπομ’</span> <span class='ocrx_word' id='word_1_135' title='bbox 877 1254 955 1295; x_wconf 81' lang='grc' dir='ltr'>οὐδ’</span> <span class='ocrx_word' id='word_1_136' title='bbox 980 1253 1172 1310; x_wconf 81' lang='grc' dir='ltr'>ἀλεγίζω]</span> <span class='ocrx_word' id='word_1_137' title='bbox 1198 1253 1469 1307; x_wconf 87' lang='grc' dir='ltr'>παραλλήλως</span> <span class='ocrx_word' id='word_1_138' title='bbox 1492 1257 1536 1293; x_wconf 88' lang='grc' dir='ltr'>τὸ</span> <span class='ocrx_word' id='word_1_139' title='bbox 1559 1253 1699 1309; x_wconf 53' lang='grc' dir='ltr'>[αὐ-,τό</span> 
     </span>
     <span class='ocr_line' id='line_1_38' title="bbox 465 1319 1656 1378; baseline -0.001 -15"><span class='ocrx_word' id='word_1_140' title='bbox 465 1319 692 1378; x_wconf 85' lang='grc' dir='ltr'>μενεδήιος]</span> <span class='ocrx_word' id='word_1_141' title='bbox 716 1324 821 1364; x_wconf 80' lang='grc' dir='ltr'>ὥστε</span> <span class='ocrx_word' id='word_1_142' title='bbox 841 1322 976 1374; x_wconf 90' lang='grc' dir='ltr'>μένειν</span> <span class='ocrx_word' id='word_1_143' title='bbox 997 1323 1087 1365; x_wconf 85' lang='grc' dir='ltr'>τοὺς</span> <span class='ocrx_word' id='word_1_144' title='bbox 1109 1323 1393 1377; x_wconf 84' lang='grc' dir='ltr'>πολεμ&lt;ί&gt;ους</span> <span class='ocrx_word' id='word_1_145' title='bbox 1416 1324 1458 1364; x_wconf 83' lang='grc' dir='ltr'>ἐν</span> <span class='ocrx_word' id='word_1_146' title='bbox 1479 1323 1524 1377; x_wconf 80' lang='grc' dir='ltr'>τῇ</span> <span class='ocrx_word' id='word_1_147' title='bbox 1547 1320 1656 1376; x_wconf 85' lang='grc' dir='ltr'>μάχῃ</span> 
     </span>
    </p>

    <p class='ocr_par' dir='ltr' id='par_1_26' title="bbox 467 1388 1326 1446">
     <span class='ocr_line' id='line_1_39' title="bbox 467 1388 1326 1446; baseline 0.001 -15"><span class='ocrx_word' id='word_1_148' title='bbox 467 1390 589 1444; x_wconf 83' lang='grc' dir='ltr'>θέλγε</span> <span class='ocrx_word' id='word_1_149' title='bbox 611 1388 723 1446; x_wconf 88' lang='grc' dir='ltr'>νόον]</span> <span class='ocrx_word' id='word_1_150' title='bbox 747 1390 937 1444; x_wconf 70' lang='grc' dir='ltr'>ι’θέλγε”</span> <span class='ocrx_word' id='word_1_151' title='bbox 962 1391 1044 1431; x_wconf 92' lang='grc' dir='ltr'>κατ’</span> <span class='ocrx_word' id='word_1_152' title='bbox 1069 1391 1326 1444; x_wconf 80' lang='grc' dir='ltr'>εὐφημισμόν</span> 
     </span>
    </p>

    <p class='ocr_par' dir='ltr' id='par_1_27' title="bbox 468 1457 1019 1515">
     <span class='ocr_line' id='line_1_40' title="bbox 468 1457 1019 1515; baseline 0 -15"><span class='ocrx_word' id='word_1_153' title='bbox 468 1457 642 1515; x_wconf 80' lang='grc' dir='ltr'>ἔχματα]</span> <span class='ocrx_word' id='word_1_154' title='bbox 668 1460 1019 1513; x_wconf 88' lang='grc' dir='ltr'>καταστηρίγματα</span> 
     </span>
    </p>
   </div>
   <div class='ocr_carea' id='block_1_22' title="bbox 465 1527 1810 1721">
    <p class='ocr_par' dir='ltr' id='par_1_28' title="bbox 465 1527 1810 1721">
     <span class='ocr_line' id='line_1_41' title="bbox 467 1527 1810 1585; baseline 0.001 -16"><span class='ocrx_word' id='word_1_155' title='bbox 467 1528 770 1582; x_wconf 86' lang='grc' dir='ltr'>κελευτιόωντο]</span> <span class='ocrx_word' id='word_1_156' title='bbox 793 1528 1106 1581; x_wconf 88' lang='grc' dir='ltr'>παρεκελεύοντο</span> <span class='ocrx_word' id='word_1_157' title='bbox 1123 1528 1213 1568; x_wconf 83' lang='lat' dir='ltr'>A:</span> <span class='ocrx_word' id='word_1_158' title='bbox 1355 1537 1449 1581; x_wconf 87' lang='grc'><strong>277.</strong></span> <span class='ocrx_word' id='word_1_159' title='bbox 1482 1527 1557 1585; x_wconf 83' lang='grc' dir='ltr'>τώ]</span> <span class='ocrx_word' id='word_1_160' title='bbox 1581 1530 1618 1569; x_wconf 78' lang='grc' dir='ltr'>οἶ</span> <span class='ocrx_word' id='word_1_161' title='bbox 1642 1529 1810 1570; x_wconf 82' lang='grc' dir='ltr'>Αἴαντες</span> 
     </span>
     <span class='ocr_line' id='line_1_42' title="bbox 469 1595 1499 1654; baseline 0.004 -17"><span class='ocrx_word' id='word_1_162' title='bbox 469 1595 567 1654; x_wconf 81' lang='grc' dir='ltr'>τῶν]</span> <span class='ocrx_word' id='word_1_163' title='bbox 590 1597 739 1638; x_wconf 87' lang='grc' dir='ltr'>τούτων</span> <span class='ocrx_word' id='word_1_164' title='bbox 918 1606 1011 1650; x_wconf 83' lang='grc'><strong>279.</strong></span> <span class='ocrx_word' id='word_1_165' title='bbox 1045 1595 1186 1654; x_wconf 86' lang='grc' dir='ltr'>ὤρετο]</span> <span class='ocrx_word' id='word_1_166' title='bbox 1211 1599 1395 1651; x_wconf 83' lang='grc' dir='ltr'>ὥρμησεν</span> <span class='ocrx_word' id='word_1_167' title='bbox 1411 1597 1499 1641; x_wconf 74' lang='lat' dir='ltr'>A÷</span> 
     </span>
     <span class='ocr_line' id='line_1_43' title="bbox 465 1662 1808 1721; baseline -0.001 -15"><span class='ocrx_word' id='word_1_168' title='bbox 465 1664 812 1718; x_wconf 80' lang='grc' dir='ltr'>πιφαυσκόμενος]</span> <span class='ocrx_word' id='word_1_169' title='bbox 843 1666 1130 1718; x_wconf 84' lang='grc' dir='ltr'>προσημαίνων</span> <span class='ocrx_word' id='word_1_170' title='bbox 1160 1666 1248 1710; x_wconf 78' lang='lat' dir='ltr'>A÷</span> <span class='ocrx_word' id='word_1_171' title='bbox 1460 1665 1553 1721; x_wconf 89' lang='grc'><strong>283.</strong></span> <span class='ocrx_word' id='word_1_172' title='bbox 1586 1662 1808 1721; x_wconf 78' lang='grc' dir='ltr'>λωτεῦντα]</span> 
     </span>
    </p>
   </div>
   <div class='ocr_carea' id='block_1_23' title="bbox 279 1734 585 1776">
    <p class='ocr_par' dir='ltr' id='par_1_29' title="bbox 279 1734 585 1776">
     <span class='ocr_line' id='line_1_44' title="bbox 279 1734 585 1776; baseline -0.003 -1"><span class='ocrx_word' id='word_1_173' title='bbox 279 1736 474 1776; x_wconf 80' lang='grc' dir='ltr'>ἀνθοῦντα</span> <span class='ocrx_word' id='word_1_174' title='bbox 495 1734 585 1774; x_wconf 79' lang='lat' dir='ltr'>A:</span> 
     </span>
    </p>
   </div>
   <div class='ocr_carea' id='block_1_24' title="bbox 340 1802 434 1845">
    <p class='ocr_par' dir='ltr' id='par_1_30' title="bbox 340 1802 434 1845">
     <span class='ocr_line' id='line_1_45' title="bbox 340 1802 434 1845; baseline -0.011 0"><span class='ocrx_word' id='word_1_175' title='bbox 340 1802 434 1845; x_wconf 79' lang='lat'>286.</span> 
     </span>
    </p>
   </div>
   <div class='ocr_carea' id='block_1_25' title="bbox 469 1803 1808 1858">
    <p class='ocr_par' dir='ltr' id='par_1_31' title="bbox 469 1803 1808 1858">
     <span class='ocr_line' id='line_1_46' title="bbox 469 1803 1808 1858; baseline 0 -15"><span class='ocrx_word' id='word_1_176' title='bbox 469 1803 716 1856; x_wconf 87' lang='grc' dir='ltr'>κρύπτονται.</span> <span class='ocrx_word' id='word_1_177' title='bbox 766 1804 882 1853; x_wconf 83' lang='grc' dir='ltr'>ἐλύω,</span> <span class='ocrx_word' id='word_1_178' title='bbox 908 1805 928 1844; x_wconf 86' lang='grc' dir='ltr'>ὁ</span> <span class='ocrx_word' id='word_1_179' title='bbox 948 1804 1113 1856; x_wconf 85' lang='grc' dir='ltr'>μέλλων</span> <span class='ocrx_word' id='word_1_180' title='bbox 1141 1805 1285 1853; x_wconf 86' lang='grc' dir='ltr'>ἐλύσω,</span> <span class='ocrx_word' id='word_1_181' title='bbox 1311 1807 1330 1845; x_wconf 92' lang='grc' dir='ltr'>ὁ</span> <span class='ocrx_word' id='word_1_182' title='bbox 1362 1804 1628 1858; x_wconf 83' lang='grc' dir='ltr'>παρατατικὸς</span> <span class='ocrx_word' id='word_1_183' title='bbox 1659 1804 1808 1850; x_wconf 86' lang='grc' dir='ltr'>εἵλυκα,</span> 
     </span>
    </p>
   </div>
   <div class='ocr_carea' id='block_1_26' title="bbox 211 1872 1482 1925">
    <p class='ocr_par' dir='ltr' id='par_1_32' title="bbox 211 1872 1482 1925">
     <span class='ocr_line' id='line_1_47' title="bbox 211 1872 1482 1925; baseline -0.001 -11"><span class='ocrx_word' id='word_1_184' title='bbox 211 1888 258 1925; x_wconf 85' lang='lat'>25</span> <span class='ocrx_word' id='word_1_185' title='bbox 278 1872 322 1912; x_wconf 88' lang='grc' dir='ltr'>τὸ</span> <span class='ocrx_word' id='word_1_186' title='bbox 344 1875 612 1923; x_wconf 82' lang='grc' dir='ltr'>πληθυντικὸν</span> <span class='ocrx_word' id='word_1_187' title='bbox 636 1873 825 1923; x_wconf 82' lang='grc' dir='ltr'>εἷλύμεθα</span> <span class='ocrx_word' id='word_1_188' title='bbox 848 1875 1011 1914; x_wconf 84' lang='grc' dir='ltr'>εἴλυσθε</span> <span class='ocrx_word' id='word_1_189' title='bbox 1033 1875 1210 1915; x_wconf 85' lang='grc' dir='ltr'>εἵλυνται</span> <span class='ocrx_word' id='word_1_190' title='bbox 1233 1879 1256 1896; x_wconf 90' lang='grc'><strong>“</strong></span> <span class='ocrx_word' id='word_1_191' title='bbox 1272 1873 1482 1915; x_wconf 82' lang='grc' dir='ltr'>εἰλύαται”</span> 
     </span>
    </p>
   </div>
   <div class='ocr_carea' id='block_1_27' title="bbox 338 1954 432 1995">
    <p class='ocr_par' dir='ltr' id='par_1_33' title="bbox 338 1954 432 1995">
     <span class='ocr_line' id='line_1_48' title="bbox 338 1954 432 1995; baseline -0.011 -13"><span class='ocrx_word' id='word_1_192' title='bbox 338 1954 432 1995; x_wconf 78' lang='lat'>293.</span> 
     </span>
    </p>
   </div>
   <div class='ocr_carea' id='block_1_28' title="bbox 467 1939 1636 1998">
    <p class='ocr_par' dir='ltr' id='par_1_34' title="bbox 467 1939 1636 1998">
     <span class='ocr_line' id='line_1_49' title="bbox 467 1939 1636 1998; baseline 0.004 -17"><span class='ocrx_word' id='word_1_193' title='bbox 467 1939 614 1998; x_wconf 77' lang='grc' dir='ltr'>ἕλιξιν]</span> <span class='ocrx_word' id='word_1_194' title='bbox 639 1945 722 1984; x_wconf 85' lang='grc' dir='ltr'>τοῖς</span> <span class='ocrx_word' id='word_1_195' title='bbox 745 1942 965 1995; x_wconf 80' lang='grc' dir='ltr'>εῖλ&lt;ο&gt;ῦσι</span> <span class='ocrx_word' id='word_1_196' title='bbox 987 1941 1077 1984; x_wconf 81' lang='grc' dir='ltr'>τοὺς</span> <span class='ocrx_word' id='word_1_197' title='bbox 1098 1941 1222 1985; x_wconf 88' lang='grc' dir='ltr'>πόδας</span> <span class='ocrx_word' id='word_1_198' title='bbox 1255 1944 1297 1983; x_wconf 88' lang='grc' dir='ltr'>ἐν</span> <span class='ocrx_word' id='word_1_199' title='bbox 1319 1944 1364 1992; x_wconf 82' lang='grc' dir='ltr'>τῇ</span> <span class='ocrx_word' id='word_1_200' title='bbox 1388 1943 1528 1997; x_wconf 74' lang='grc' dir='ltr'>πορείᾳ</span> <span class='ocrx_word' id='word_1_201' title='bbox 1549 1942 1636 1986; x_wconf 80' lang='lat' dir='ltr'>A÷</span> 
     </span>
    </p>
   </div>
   <div class='ocr_carea' id='block_1_29' title="bbox 211 2008 1811 2890">
    <p class='ocr_par' dir='ltr' id='par_1_35' title="bbox 211 2008 1811 2890">
     <span class='ocr_line' id='line_1_50' title="bbox 339 2008 1719 2068; baseline 0 -15"><span class='ocrx_word' id='word_1_202' title='bbox 339 2009 433 2064; x_wconf 86' lang='grc'><strong>298.</strong></span> <span class='ocrx_word' id='word_1_203' title='bbox 468 2008 686 2067; x_wconf 85' lang='grc' dir='ltr'>σχόμενος]</span> <span class='ocrx_word' id='word_1_204' title='bbox 712 2011 892 2064; x_wconf 85' lang='grc' dir='ltr'>κατέχων</span> <span class='ocrx_word' id='word_1_205' title='bbox 1011 2012 1105 2062; x_wconf 81' lang='grc'><strong>316.</strong></span> <span class='ocrx_word' id='word_1_206' title='bbox 1140 2008 1394 2068; x_wconf 85' lang='grc' dir='ltr'>καυστείρης]</span> <span class='ocrx_word' id='word_1_207' title='bbox 1418 2014 1486 2062; x_wconf 88' lang='grc' dir='ltr'>τῆς</span> <span class='ocrx_word' id='word_1_208' title='bbox 1509 2012 1719 2060; x_wconf 86' lang='grc' dir='ltr'>καυστικῆς</span> 
     </span>
     <span class='ocr_line' id='line_1_51' title="bbox 338 2076 1402 2136; baseline 0.002 -17"><span class='ocrx_word' id='word_1_209' title='bbox 338 2092 434 2134; x_wconf 93' lang='grc'><strong>340.</strong></span> <span class='ocrx_word' id='word_1_210' title='bbox 468 2076 673 2136; x_wconf 73' lang='grc' dir='ltr'>ἐπῴχατο]</span> <span class='ocrx_word' id='word_1_211' title='bbox 697 2078 784 2129; x_wconf 85' lang='grc' dir='ltr'>ἤτοι</span> <span class='ocrx_word' id='word_1_212' title='bbox 806 2080 947 2133; x_wconf 79' lang='grc' dir='ltr'>ὃχεῧσι</span> <span class='ocrx_word' id='word_1_213' title='bbox 969 2079 1074 2131; x_wconf 80' lang='grc' dir='ltr'>ἦσαν</span> <span class='ocrx_word' id='word_1_214' title='bbox 1096 2079 1402 2132; x_wconf 88' lang='grc' dir='ltr'>ἠσφαλισμέναι</span> 
     </span>
     <span class='ocr_line' id='line_1_52' title="bbox 341 2145 1646 2204; baseline -0.001 -14"><span class='ocrx_word' id='word_1_215' title='bbox 341 2161 435 2203; x_wconf 85' lang='lat'>344.</span> <span class='ocrx_word' id='word_1_216' title='bbox 470 2145 511 2204; x_wconf 84' lang='grc' dir='ltr'>ὅ]</span> <span class='ocrx_word' id='word_1_217' title='bbox 536 2151 648 2188; x_wconf 81' lang='grc' dir='ltr'>τοῦτο</span> <span class='ocrx_word' id='word_1_218' title='bbox 767 2157 863 2203; x_wconf 76' lang='grc'><strong>345.</strong></span> <span class='ocrx_word' id='word_1_219' title='bbox 897 2147 1020 2202; x_wconf 86' lang='grc' dir='ltr'>τάχα]</span> <span class='ocrx_word' id='word_1_220' title='bbox 1042 2152 1086 2188; x_wconf 88' lang='grc' dir='ltr'>τὸ</span> <span class='ocrx_word' id='word_1_221' title='bbox 1107 2148 1261 2202; x_wconf 87' lang='grc' dir='ltr'>ταχέως</span> <span class='ocrx_word' id='word_1_222' title='bbox 1282 2149 1389 2201; x_wconf 77' lang='grc' dir='ltr'>παρὰ</span> <span class='ocrx_word' id='word_1_223' title='bbox 1411 2150 1463 2203; x_wconf 80' lang='grc' dir='ltr'><em>τῷ</em></span> <span class='ocrx_word' id='word_1_224' title='bbox 1485 2148 1646 2203; x_wconf 82' lang='grc' dir='ltr'>Ὁμήρῳ</span> 
     </span>
     <span class='ocr_line' id='line_1_53' title="bbox 211 2214 1714 2273; baseline -0.004 -13"><span class='ocrx_word' id='word_1_225' title='bbox 211 2236 260 2272; x_wconf 83' lang='lat'>30</span> <span class='ocrx_word' id='word_1_226' title='bbox 339 2226 437 2271; x_wconf 82' lang='lat'>347.</span> <span class='ocrx_word' id='word_1_227' title='bbox 471 2214 673 2273; x_wconf 82' lang='grc' dir='ltr'>ζαχρηεῖς]</span> <span class='ocrx_word' id='word_1_228' title='bbox 699 2217 802 2269; x_wconf 79' lang='grc' dir='ltr'>ἄγαν</span> <span class='ocrx_word' id='word_1_229' title='bbox 824 2218 998 2269; x_wconf 89' lang='grc' dir='ltr'>ἀνδρεῖοι</span> <span class='ocrx_word' id='word_1_230' title='bbox 1175 2227 1271 2271; x_wconf 84' lang='grc'><strong>353.</strong></span> <span class='ocrx_word' id='word_1_231' title='bbox 1304 2214 1434 2273; x_wconf 79' lang='grc' dir='ltr'>εἶθαρ]</span> <span class='ocrx_word' id='word_1_232' title='bbox 1460 2217 1603 2260; x_wconf 83' lang='grc' dir='ltr'>εὐθέως</span> <span class='ocrx_word' id='word_1_233' title='bbox 1624 2217 1714 2257; x_wconf 91' lang='lat' dir='ltr'>A=</span> 
     </span>
     <span class='ocr_line' id='line_1_54' title="bbox 339 2283 1263 2342; baseline 0.002 -17"><span class='ocrx_word' id='word_1_234' title='bbox 339 2285 434 2339; x_wconf 89' lang='grc'><strong>366.</strong></span> <span class='ocrx_word' id='word_1_235' title='bbox 469 2283 599 2341; x_wconf 85' lang='grc' dir='ltr'>σφῶι]</span> <span class='ocrx_word' id='word_1_236' title='bbox 623 2287 734 2336; x_wconf 86' lang='grc' dir='ltr'>ὑμεῖς</span> <span class='ocrx_word' id='word_1_237' title='bbox 910 2285 1005 2339; x_wconf 88' lang='grc'><strong>380.</strong></span> <span class='ocrx_word' id='word_1_238' title='bbox 1039 2283 1081 2342; x_wconf 87' lang='grc' dir='ltr'>ὅ]</span> <span class='ocrx_word' id='word_1_239' title='bbox 1106 2287 1126 2326; x_wconf 90' lang='grc' dir='ltr'>ὁ</span> <span class='ocrx_word' id='word_1_240' title='bbox 1147 2287 1263 2327; x_wconf 86' lang='grc' dir='ltr'>λίθος</span> 
     </span>
     <span class='ocr_line' id='line_1_55' title="bbox 338 2351 1591 2410; baseline 0.002 -17"><span class='ocrx_word' id='word_1_241' title='bbox 338 2353 436 2407; x_wconf 88' lang='grc'><strong>384.</strong></span> <span class='ocrx_word' id='word_1_242' title='bbox 470 2351 771 2409; x_wconf 78' lang='grc' dir='ltr'>σὺν-ἄραξεν]</span> <span class='ocrx_word' id='word_1_243' title='bbox 797 2354 1039 2406; x_wconf 82' lang='grc' dir='ltr'>συνέτριψεν</span> <span class='ocrx_word' id='word_1_244' title='bbox 1215 2366 1310 2407; x_wconf 85' lang='grc'><strong>390.</strong></span> <span class='ocrx_word' id='word_1_245' title='bbox 1345 2351 1426 2410; x_wconf 79' lang='grc' dir='ltr'>ἄψ]</span> <span class='ocrx_word' id='word_1_246' title='bbox 1451 2355 1591 2396; x_wconf 83' lang='grc' dir='ltr'>ὄπιθεν</span> 
     </span>
     <span class='ocr_line' id='line_1_56' title="bbox 339 2419 1561 2479; baseline 0.001 -17"><span class='ocrx_word' id='word_1_247' title='bbox 339 2423 434 2476; x_wconf 87' lang='grc'><strong>396.</strong></span> <span class='ocrx_word' id='word_1_248' title='bbox 465 2419 617 2478; x_wconf 84' lang='grc' dir='ltr'>βράχε]</span> <span class='ocrx_word' id='word_1_249' title='bbox 641 2421 797 2474; x_wconf 86' lang='grc' dir='ltr'>ἤχησεν</span> <span class='ocrx_word' id='word_1_250' title='bbox 973 2431 1068 2477; x_wconf 86' lang='grc'><strong>397.</strong></span> <span class='ocrx_word' id='word_1_251' title='bbox 1103 2419 1293 2479; x_wconf 80' lang='grc' dir='ltr'>ἔπαλξιν]</span> <span class='ocrx_word' id='word_1_252' title='bbox 1317 2427 1561 2477; x_wconf 84' lang='grc' dir='ltr'>προμαχῶνα</span> 
     </span>
     <span class='ocr_line' id='line_1_57' title="bbox 337 2488 1811 2546; baseline 0.001 -16"><span class='ocrx_word' id='word_1_253' title='bbox 337 2502 435 2542; x_wconf 92' lang='grc'><strong>400.</strong></span> <span class='ocrx_word' id='word_1_254' title='bbox 469 2488 764 2546; x_wconf 89' lang='grc' dir='ltr'>ὁμαρτήσαντε]</span> <span class='ocrx_word' id='word_1_255' title='bbox 794 2491 891 2540; x_wconf 84' lang='grc' dir='ltr'>ὁμοῦ</span> <span class='ocrx_word' id='word_1_256' title='bbox 922 2491 986 2531; x_wconf 92' lang='grc' dir='ltr'>καὶ</span> <span class='ocrx_word' id='word_1_257' title='bbox 1015 2490 1091 2531; x_wconf 82' lang='grc' dir='ltr'>ὑπὸ</span> <span class='ocrx_word' id='word_1_258' title='bbox 1119 2491 1189 2531; x_wconf 87' lang='grc' dir='ltr'>τὸν</span> <span class='ocrx_word' id='word_1_259' title='bbox 1226 2490 1346 2532; x_wconf 84' lang='grc' dir='ltr'>αὐτὸν</span> <span class='ocrx_word' id='word_1_260' title='bbox 1380 2491 1515 2544; x_wconf 85' lang='grc' dir='ltr'>καιρὸν</span> <span class='ocrx_word' id='word_1_261' title='bbox 1542 2491 1730 2545; x_wconf 77' lang='grc' dir='ltr'>ἀφιέντες</span> <span class='ocrx_word' id='word_1_262' title='bbox 1762 2494 1811 2533; x_wconf 82' lang='grc' dir='ltr'>τὰ</span> 
     </span>
     <span class='ocr_line' id='line_1_58' title="bbox 212 2558 531 2616; baseline -0.003 -17"><span class='ocrx_word' id='word_1_263' title='bbox 212 2581 233 2616; x_wconf 78' lang='lat'>3</span> <span class='ocrx_word' id='word_1_264' title='bbox 240 2578 261 2616; x_wconf 91' lang='lat'>5</span> <span class='ocrx_word' id='word_1_265' title='bbox 281 2558 531 2611; x_wconf 69' lang='grc' dir='ltr'>δόραταΑε</span> 
     </span>
     <span class='ocr_line' id='line_1_59' title="bbox 339 2625 1712 2686; baseline 0.002 -18"><span class='ocrx_word' id='word_1_266' title='bbox 339 2640 436 2678; x_wconf 88' lang='grc'><strong>401.</strong></span> <span class='ocrx_word' id='word_1_267' title='bbox 469 2625 701 2684; x_wconf 83' lang='grc' dir='ltr'>τελαμῶνα]</span> <span class='ocrx_word' id='word_1_268' title='bbox 725 2629 823 2668; x_wconf 81' lang='grc' dir='ltr'>κατὰ</span> <span class='ocrx_word' id='word_1_269' title='bbox 845 2627 914 2669; x_wconf 86' lang='grc' dir='ltr'>τόν</span> <span class='ocrx_word' id='word_1_270' title='bbox 1087 2629 1185 2679; x_wconf 87' lang='grc'><strong>406.</strong></span> <span class='ocrx_word' id='word_1_271' title='bbox 1217 2627 1423 2686; x_wconf 85' lang='grc' dir='ltr'>χώρησεν]</span> <span class='ocrx_word' id='word_1_272' title='bbox 1446 2628 1712 2684; x_wconf 69' lang='grc' dir='ltr'>ἀπεχώρησεν</span> 
     </span>
     <span class='ocr_line' id='line_1_60' title="bbox 470 2693 1491 2753; baseline 0.001 -16"><span class='ocrx_word' id='word_1_273' title='bbox 470 2693 681 2753; x_wconf 82' lang='grc' dir='ltr'>ἐπάλξιος]</span> <span class='ocrx_word' id='word_1_274' title='bbox 704 2696 785 2738; x_wconf 80' lang='grc' dir='ltr'>α’πὸ</span> <span class='ocrx_word' id='word_1_275' title='bbox 958 2709 1056 2746; x_wconf 84' lang='grc'><strong>422.</strong></span> <span class='ocrx_word' id='word_1_276' title='bbox 1090 2695 1280 2753; x_wconf 79' lang='grc' dir='ltr'>ἐπιξύνῳ]</span> <span class='ocrx_word' id='word_1_277' title='bbox 1306 2699 1491 2753; x_wconf 80' lang='grc' dir='ltr'>ἐπικοίνῳ</span> 
     </span>
     <span class='ocr_line' id='line_1_61' title="bbox 338 2763 1522 2824; baseline 0 -16"><span class='ocrx_word' id='word_1_278' title='bbox 338 2777 435 2820; x_wconf 83' lang='grc'><strong>423.</strong></span> <span class='ocrx_word' id='word_1_279' title='bbox 468 2764 556 2818; x_wconf 82' lang='grc' dir='ltr'>περὶ</span> <span class='ocrx_word' id='word_1_280' title='bbox 578 2763 689 2822; x_wconf 81' lang='grc' dir='ltr'>ἴσης]</span> <span class='ocrx_word' id='word_1_281' title='bbox 713 2767 803 2818; x_wconf 88' lang='grc' dir='ltr'>περὶ</span> <span class='ocrx_word' id='word_1_282' title='bbox 824 2769 893 2806; x_wconf 85' lang='grc' dir='ltr'>τοῦ</span> <span class='ocrx_word' id='word_1_283' title='bbox 913 2767 1005 2807; x_wconf 85' lang='grc' dir='ltr'>ἵσου</span> <span class='ocrx_word' id='word_1_284' title='bbox 1123 2779 1219 2817; x_wconf 82' lang='grc'><strong>424.</strong></span> <span class='ocrx_word' id='word_1_285' title='bbox 1253 2766 1460 2824; x_wconf 83' lang='grc' dir='ltr'>ἐπάλξεις]</span> <span class='ocrx_word' id='word_1_286' title='bbox 1483 2769 1522 2808; x_wconf 82' lang='grc' dir='ltr'>αἱ</span> 
     </span>
     <span class='ocr_line' id='line_1_62' title="bbox 338 2831 787 2890; baseline -0.004 -14"><span class='ocrx_word' id='word_1_287' title='bbox 338 2847 438 2888; x_wconf 86' lang='grc'><strong>429.</strong></span> <span class='ocrx_word' id='word_1_288' title='bbox 470 2831 660 2890; x_wconf 87' lang='grc' dir='ltr'>ἀσπίδος]</span> <span class='ocrx_word' id='word_1_289' title='bbox 690 2834 787 2876; x_wconf 87' lang='grc' dir='ltr'>κατά</span> 
     </span>
    </p>
   </div>
   <div class='ocr_carea' id='block_1_30' title="bbox 284 2919 1807 3003">
    <p class='ocr_par' dir='ltr' id='par_1_36' title="bbox 284 2919 1807 3003">
     <span class='ocr_line' id='line_1_63' title="bbox 328 2919 1807 2962; baseline 0.001 -13"><span class='ocrx_word' id='word_1_290' title='bbox 328 2928 355 2950; x_wconf 92' lang='lat'>1.</span> <span class='ocrx_word' id='word_1_291' title='bbox 379 2919 533 2950; x_wconf 82' lang='lat' dir='ltr'>lacunam</span> <span class='ocrx_word' id='word_1_292' title='bbox 550 2919 696 2950; x_wconf 81' lang='lat' dir='ltr'>indicavi</span> <span class='ocrx_word' id='word_1_293' title='bbox 713 2923 725 2957; x_wconf 87' lang='grc' dir='ltr'>Η</span> <span class='ocrx_word' id='word_1_294' title='bbox 747 2929 774 2950; x_wconf 90' lang='lat'>2.</span> <span class='ocrx_word' id='word_1_295' title='bbox 793 2919 941 2960; x_wconf 75' lang='lat' dir='ltr'>supplevi</span> <span class='ocrx_word' id='word_1_296' title='bbox 959 2930 999 2950; x_wconf 83' lang='lat' dir='ltr'>ex</span> <span class='ocrx_word' id='word_1_297' title='bbox 1015 2919 1070 2950; x_wconf 73' lang='lat' dir='ltr'>Et.</span> <span class='ocrx_word' id='word_1_298' title='bbox 1089 2920 1137 2951; x_wconf 86' lang='lat' dir='ltr'>M.</span> <span class='ocrx_word' id='word_1_299' title='bbox 1159 2924 1170 2958; x_wconf 85' lang='grc' dir='ltr'>Η</span> <span class='ocrx_word' id='word_1_300' title='bbox 1193 2922 1240 2952; x_wconf 86' lang='lat'>18.</span> <span class='ocrx_word' id='word_1_301' title='bbox 1259 2919 1467 2960; x_wconf 81' lang='grc' dir='ltr'>εὐφημησμὸν</span> <span class='ocrx_word' id='word_1_302' title='bbox 1492 2923 1504 2958; x_wconf 84' lang='grc' dir='ltr'>ΙΙ</span> <span class='ocrx_word' id='word_1_303' title='bbox 1534 2930 1582 2962; x_wconf 83' lang='lat'>24.</span> <span class='ocrx_word' id='word_1_304' title='bbox 1600 2919 1777 2962; x_wconf 80' lang='grc' dir='ltr'>κρύπτοντο</span> <span class='ocrx_word' id='word_1_305' title='bbox 1796 2923 1807 2958; x_wconf 88' lang='grc'>11</span> 
     </span>
     <span class='ocr_line' id='line_1_64' title="bbox 284 2960 811 3003; baseline 0 -10"><span class='ocrx_word' id='word_1_306' title='bbox 284 2971 333 3002; x_wconf 76' lang='lat'>32.</span> <span class='ocrx_word' id='word_1_307' title='bbox 358 2960 545 3002; x_wconf 75' lang='grc' dir='ltr'>συνέτριψεν</span> <span class='ocrx_word' id='word_1_308' title='bbox 562 2963 611 2993; x_wconf 85' lang='lat' dir='ltr'>D:</span> <span class='ocrx_word' id='word_1_309' title='bbox 638 2966 728 3003; x_wconf 79' lang='grc' dir='ltr'>-εψεν</span> <span class='ocrx_word' id='word_1_310' title='bbox 745 2963 811 3003; x_wconf 84' lang='lat' dir='ltr'>legi</span> 
     </span>
    </p>
   </div>
  </div>
 </body>
</html>
