1939 3227
270 119 354 160 520
821 120 1048 160 ΙΛιΑΔοΣ
1082 122 1131 160 Θ.
1165 119 1224 175 (8
1241 119 1257 175 )

460 228 707 287 γεγωνέμεν]
732 231 835 273 ὥστε
1013 241 1107 287 235.
1139 230 1264 288 τάχα]
1289 231 1443 286 ταχέως

336 299 429 353 236.
462 297 570 355 τινά]
595 299 726 341 ἄλλον
902 310 996 355 237.
1029 299 1226 357 ἀπηύρας]
1248 301 1298 344 ὡς
1321 301 1389 352 ἐμέ

335 379 429 421 239.
463 365 605 425 ἔρρων]
631 367 695 409 ἐπὶ
719 370 851 423 φθορᾷ
873 369 1196 422 παραγενόμενος
1220 373 1302 415 Α-Ι-

336 447 429 490 243.
463 434 623 492 αὐτούς]
647 436 749 488 ἡμᾶς
925 447 1020 490 257.
1053 435 1350 495 Φραδμονίδην]
1375 436 1609 491 Φράδμονος
1631 441 1753 479 παῖδα

233 520 254 558 5
336 513 431 559 295.
464 502 624 562 αὐτούς]
647 509 786 558 Τρῶας
962 516 1057 561 327.
1091 505 1305 563 ὀκριόεντι]
1330 507 1501 559 ἀκριόεις
1524 508 1587 548 καὶ
1610 507 1779 560 ὀκριόεις

333 573 429 628 338.
463 574 558 617 συὸς
590 573 749 631 ἀγρίου]
784 574 959 629 συάγρου
990 576 1191 626 δηλονότι·
1226 575 1543 628 ἐπισημειωτέον
1575 576 1631 627 δέ,
1664 577 1725 617 ὅτι
1758 577 1808 617 τὰ

274 646 437 683 τοιαῦτα
464 643 641 695 ὀνόματα
668 643 911 699 διῃρημένως
932 643 1055 696 λέγει,
1084 644 1135 686 ὡς
1158 642 1221 685 καὶ
1244 644 1288 685 τὸ
1310 648 1336 667 “
1352 645 1491 698 ἄγριον
1514 645 1610 698 αἶγα
1626 642 1648 660 ''
1671 643 1744 700 (Il.
1769 657 1808 699 3.

279 723 344 761 24,
370 720 434 763 15.
463 711 564 767 271)

336 792 431 835 341.
463 778 614 836 ὤπαζε]
639 780 813 821 ἐδίωκεν·
847 780 1010 834 λέγεται
1034 780 1098 822 καὶ
1120 780 1185 822 ἐπὶ
1207 785 1276 822 τοῦ
1302 781 1496 836 παρέχειν

211 865 257 890 10
335 860 431 904 349.
461 846 656 905 Γοργοῦς]
680 849 731 891 ὡς
753 850 909 902 Σαπφώ
932 852 1139 902 Σαπφοῦς,
1156 851 1255 891 οὕτω
1279 851 1343 892 καὶ
1366 850 1502 904 Γοργώ
1526 853 1700 903 Γοργοῦς
1718 854 1804 896 Α-Ι-

334 926 432 972 352.
462 917 654 960 Ἀττικῶς
676 918 741 967 νώ,
766 921 954 971 Δωρικῶς
976 918 1114 970 ἄμμες,
1139 920 1337 962 Αἶολικῶς
1360 919 1464 970 ἄμμε
1486 922 1520 959 Α
1535 927 1569 964 4-

335 987 431 1041 367.
454 984 678 1042 πυλάρταο]
695 988 867 1041 ἰσχυρῶς
882 988 1198 1039 συναρμόζοντος
1215 988 1278 1029 καὶ
1293 989 1495 1030 κλείοντος
1504 988 1573 1031 τὰς
1583 987 1753 1031 πύλαςΑ
1767 997 1802 1033 ÷

336 1055 434 1109 378.
466 1054 743 1112 προφανείσα]
769 1056 942 1097 σπάνιον
963 1060 1078 1097 τοῦτο
1100 1059 1206 1107 παρὰ
1228 1057 1280 1112 τῷ
1304 1059 1448 1113 ποιητῇ
1478 1060 1511 1097 Α
1526 1066 1561 1101 -Ι-

337 1137 433 1180 392.
465 1123 697 1181 ἐπεμαίετο]
723 1125 933 1176 ἕπλησσεν
1051 1133 1146 1180 395.
1181 1123 1411 1183 ἀνακλῖναι]
1437 1125 1697 1179 ἀνακαλύψαι

213 1206 259 1246 15
337 1207 433 1249 399.
466 1193 591 1235 πάλιν
612 1193 729 1246 τρέπε
749 1192 840 1245 μηδ’
858 1195 903 1235 ἔα
925 1194 1046 1245 ἄντην
1064 1192 1275 1251 ἔρχεσθαι]
1302 1196 1344 1235 ἐκ
1366 1194 1633 1246 παραλλήλου
1654 1195 1699 1236 τὸ
1718 1194 1815 1236 αὐτό

336 1271 434 1315 405.
464 1260 688 1319 μάρπτῃσι]
714 1262 925 1318 καταλάβῃ
1101 1276 1197 1317 423.
1231 1261 1362 1319 ἀδεές]
1387 1264 1525 1316 ἄφοβε

336 1344 436 1386 429.
468 1329 566 1387 τῶν]
591 1336 669 1372 τῶν
690 1336 850 1384 βροτῶν

337 1413 434 1455 434.
468 1397 663 1457 κάπῃσιν]
694 1400 800 1453 παρὰ
829 1404 873 1441 τὸ
900 1400 959 1441 ἐπ’
989 1400 1126 1443 αὐταῖς
1158 1400 1390 1453 ἱσταμένους
1422 1400 1512 1444 τοὺς
1537 1402 1683 1444 ἵππους
1716 1399 1814 1442 κάπ-

280 1486 376 1519 τειν,
398 1470 420 1509 ὅ
443 1470 555 1511 ἐστιν
578 1471 730 1511 ἐσθίειν
752 1472 837 1509 A=

212 1553 261 1579 20
338 1547 436 1593 437.
468 1536 609 1594 μίγδα]
636 1537 958 1592 ἀναμεμιγμένως
1144 1552 1242 1593 439.
1276 1537 1450 1595 ἐξίκετο]
1476 1538 1702 1591 κατέλαβεν

338 1620 436 1658 441.
469 1605 762 1663 πετάσ<σ>ας]
788 1608 981 1650 ἁπλῶσας
1156 1620 1252 1662 443.
1286 1606 1541 1664 πελεμίζετο]
1573 1611 1740 1650 ἐκινεῖτο

338 1689 438 1727 444.
471 1674 617 1732 ἀμφίς]
641 1677 763 1730 χωρίς
938 1688 1035 1730 449.
1069 1674 1221 1732 τοῖσιν]
1246 1678 1423 1718 οἷστισιν

338 1754 437 1798 450.
468 1745 492 1795 ἡ
519 1748 587 1785 τοῦ
609 1744 769 1787 πάντων
789 1745 969 1797 μείζονος
999 1746 1091 1785 θεοῦ
1118 1745 1221 1798 χείρ,
1246 1745 1362 1797 φησί,
1386 1745 1602 1796 τηλικαύτη
1629 1744 1813 1799 ὑπάρχει,

283 1814 335 1857 ὣς
353 1816 453 1866 μηδὲ
474 1813 551 1854 ὑπὸ
573 1817 651 1855 τῶν
672 1816 774 1855 θεῶν
795 1813 990 1854 δύνασθαι
1012 1816 1361 1866 καταγωνισθῆναι
1385 1816 1472 1853 A=

215 1896 262 1934 25
340 1892 439 1938 453.
471 1880 665 1938 μέρμερα]
688 1883 878 1935 μερίμνης
901 1881 994 1933 ἄξια

341 1961 435 2006 457.
471 1950 755 2008 <ἐπέμυξαν>]
778 1952 975 2004 μεμυκόσι
998 1955 1080 1995 τοῖς
1100 1953 1260 2006 χείλεσι
1282 1953 1510 2005 ἐγόγγυσαν

341 2031 439 2074 474.
472 2017 614 2077 ναῦφι]
638 2024 725 2064 ταῖς
747 2021 890 2063 ναυσίν
1006 2031 1104 2076 479.
1138 2018 1338 2077 Ἰάπετος]
1363 2020 1525 2073 οὐρανία
1547 2020 1702 2071 κίνησις

474 2087 645 2146 Κρόνος]
670 2089 796 2143 ἀστήρ

342 2159 440 2209 480.
475 2158 736 2213 (Ὑπερίονος
758 2156 998 2214 Ἠελίοιο>]
1021 2157 1108 2209 ἤτοι
1138 2159 1198 2199 ὅτι
1226 2157 1458 2211 (Ύπερίονός
1487 2158 1574 2198 ἐστι
1607 2157 1670 2198 καὶ
1694 2157 1818 2199 Θείας

215 2242 267 2278 30
287 2231 391 2277 παῖς,
424 2227 476 2270 ὡς
505 2227 700 2270 ‘Ha-[obes
732 2226 908 2283 (Theog.
933 2226 1046 2282 371),
1078 2225 1102 2278 ἢ
1133 2227 1306 2279 ὑπερίων
1337 2228 1358 2266 ὁ
1389 2225 1570 2279 ὑπεράνω
1602 2226 1713 2277 ἡμῶν
1747 2226 1819 2266 ἰὼν

288 2298 352 2338 καὶ
374 2301 604 2349 περιπολῶν
624 2300 694 2337 τὸν
717 2298 880 2347 κόσμον·
914 2298 979 2336 διὰ
1000 2296 1139 2336 τούτου
1162 2297 1237 2348 γὰρ
1259 2295 1307 2335 τὰ
1330 2296 1407 2335 ὅλα
1430 2294 1644 2349 συνέχεται
1669 2297 1702 2334 Α
1717 2304 1751 2339 -1-

344 2365 439 2419 483.
474 2362 679 2421 κύντερον]
703 2365 992 2418 χαλεπώτερον

344 2446 442 2486 491.
477 2430 655 2487 καθαρῷ]
679 2433 787 2487 τόπῳ
964 2430 1133 2487 νεκύων]
1161 2430 1184 2482 ἢ
1209 2433 1289 2472 ἀπό

346 2510 442 2556 503.
476 2498 1019 2556 δόρπα-ἐφοπλισόμεσθα]
1046 2503 1185 2541 δεῖπνα
1208 2499 1483 2552 ἑτοιμάσωμεν

217 2582 268 2621 35
347 2577 441 2622 505.
473 2570 578 2621 βόας
615 2570 678 2610 καὶ
714 2570 806 2621 ’ίφια
840 2566 967 2625 μῆλα]
1006 2568 1235 2621 μετάληψις
1276 2570 1297 2609 ὁ
1339 2570 1484 2621 τρόπος
1525 2568 1649 2609 ἐστίν.
1701 2569 1734 2623 ᾧ.
1773 2568 1818 2609 τὸ

290 2637 452 2691 ((’ίφια”
492 2637 667 2690 εὐτραφῆ
703 2636 726 2688 ἢ
758 2639 807 2678 τὰ
838 2636 996 2691 ἰσχυρά,
1035 2638 1222 2688 δηλονότι
1259 2639 1308 2679 τὰ
1350 2639 1689 2691 ἶσχυροποιοῦντα
1729 2636 1819 2680 τοὺς

290 2707 521 2760 ἀνθρώπους
543 2709 578 2746 Α
592 2729 617 2738 —

347 2784 444 2830 513.
477 2772 549 2831 ὡς]
573 2774 681 2818 ὅπως
826 2772 973 2830 βέλος]
997 2778 1148 2826 τραῦμα
1164 2774 1253 2819 Α-Ι-
1409 2771 1566 2830 πέσσῃ]
1594 2772 1820 2829 θεραπεύσῃ

336 2892 384 2915 10.
410 2881 553 2922 Σαμπφὼ
577 2882 748 2923 Σαμπφοῦς
773 2885 784 2920 ΙΙ
814 2891 863 2913 11.
888 2881 1039 2913 Ἀττικὸν
1066 2886 1077 2920 ΙΙ
1105 2883 1157 2913 νῶι
1188 2886 1200 2921 Η
1229 2891 1276 2921 13.
1302 2880 1514 2922 προφανείσας
1538 2882 1573 2912 in
1596 2884 1692 2913 {zextu
1716 2892 1779 2912 rec.
1804 2883 1817 2919 ΙΙ

293 2928 340 2957 18.
366 2926 413 2956 ἐπ’
437 2927 572 2967 scripsi:
597 2926 630 2957 ἐν
648 2930 684 2958 ut
704 2927 735 2957 D
757 2929 769 2964 Η
796 2935 844 2956 21.
870 2924 1052 2963 πολεμίζετ’
1079 2929 1091 2963 Η
1118 2936 1167 2967 29.
1193 2925 1285 2956 Θείας
1306 2926 1337 2956 D
1354 2926 1407 2957 Et.
1427 2926 1478 2956 M.
1495 2925 1684 2956 Hesiodus:
1709 2924 1779 2955 θεᾶς
1804 2927 1816 2961 ΙΙ

289 2979 342 3008 30.
368 2969 422 3000 ἰὼν
440 2971 470 3001 Α
489 2971 543 3002 Et.
562 2970 611 3001 M.
627 2981 634 3002 :
660 2968 703 3000 ὢν
720 2974 758 3001 ut
774 2970 806 3001 D
830 2973 842 3007 Η
870 2977 920 3009 35.
943 2969 960 3000 ὁ
977 2967 1090 3009 τρόπος
1107 2968 1164 2999 ενῖΧ
1182 2969 1241 3001 τοῦ
1255 2968 1308 3001 ἴνα
1323 2968 1430 3010 τραφῇ
1446 2967 1465 3008 ἢ
1493 2973 1506 3010 ΙΙ
1535 2970 1585 3010 38.
1609 2967 1796 3008 θεραπεύσαι
