1939 3227
646 115 873 153 ιΛιΑΔΟΣ
906 116 947 153 Γ.
980 110 1065 166 (3)
1538 112 1618 151 501

86 228 266 279 πλησίον
301 232 370 269 τοῦ
405 226 616 276 Ὠκεανοῦ,
651 227 749 278 ὅπερ
780 228 974 276 πολεμεῖν
1009 227 1095 267 ταῖς
1131 224 1315 278 γεράνοις
1356 224 1486 277 φασὶν
1521 225 1622 265 ἀπο-

86 298 357 348 βλαπτούσας
379 297 509 337 αὐτῶν
530 297 579 336 τὰ
602 294 811 347 σπέρματα

150 379 214 406 ΙΙ.
249 365 415 419 (νυκτὸς
438 361 636 420 ἆμείνω>]
661 363 732 414 τὴν
755 363 932 416 ὁμίχλην
953 362 1057 415 φησὶ
1078 365 1161 404 τοῖς
1182 364 1256 413 μὲν
1277 362 1468 413 ποιμέσιν
1497 362 1623 413 ἀσύμ-

87 440 216 487 φορον
250 435 364 482 εἶναι,
388 438 470 477 τοῖς
503 436 545 475 δὲ
578 432 768 475 κλέπταις
801 432 865 472 καὶ
898 431 1037 473 νυκτὸς
1073 430 1400 483 ὠφελιμωτέραν,
1433 431 1521 472 ἐπεὶ
1554 433 1623 481 τῆς

85 505 159 554 μὲν
195 503 334 546 νυκτὸς
373 502 595 555 ὡρισμένον
633 502 808 556 ἐχούσης
850 500 988 553 καιρὸν
1028 501 1071 540 ἐν
1112 500 1322 554 ἀσφαλείᾳ
1363 499 1622 551 φυλάσσεται
1643 520 1665 558 5

86 571 135 612 τὰ
155 571 411 623 βοσκήματα,
435 574 504 622 τῆς
528 573 570 612 δὲ
592 570 740 623 ἡμέρας
763 568 1073 620 ἐσκεδασμένοις
1105 568 1239 610 αὐτοῖς
1269 569 1369 608 κατὰ
1397 567 1468 611 τὰς
1499 569 1623 619 νομὰς

86 641 237 681 ὁπόταν
263 639 457 693 ἐξαίφνης
480 640 632 695 ἐπέλθῃ
655 641 804 693 ὁμίχλη
831 636 1045 695 [εὐκ]όλως
1067 637 1167 678 αὐτὰ
1188 637 1454 690 ἀφαιροῦνται

147 709 213 749 18.
247 707 385 765 ξίφος]
411 708 546 759 σπάθη

145 789 212 828 24.
246 776 407 834 κεραόν]
435 779 546 833 ζῳόν·
582 780 721 830 νεκροῦ
742 776 818 830 γάρ
841 782 946 829 φασι
967 776 1020 827 μὴ
1045 775 1245 817 ἅπτεσθαι
1267 779 1337 817 τὸν
1356 774 1505 816 λέοντα
1525 775 1616 814 A:

143 859 210 901 39.
243 845 500 903 γυναιμανές]
533 847 597 887 ἐπὶ
634 845 794 900 γυναιξὶ
829 846 1078 897 μαινόμενος,
1115 843 1138 896 ἢ
1170 847 1359 898 γυναῖκας
1391 845 1447 887 εἷς
1477 844 1623 897 μανίαν
1647 864 1694 890 10

83 915 220 969 φέρων
241 918 306 957 διὰ
328 920 372 956 τὸ
396 916 547 958 κάλλος
568 915 655 960 Α-ξ-

244 985 288 1025 τὸ
309 984 615 1038 ((γυναιμανές”
640 984 719 1024 ἀπὸ
746 986 815 1035 τῆς
845 983 1032 1037 γυναικός
1062 985 1222 1036 γενικῆς
1255 983 1455 1034 συνεκόπη
1487 999 1622 1035 γυναι-

85 1053 264 1105 κομανές,
299 1055 363 1094 καὶ
401 1054 491 1107 οὐχὶ
525 1053 603 1094 ἀπὸ
636 1056 705 1104 τῆς
743 1055 945 1104 κλητικῆς·
985 1051 1176 1093 οὐδέποτε
1209 1053 1286 1104 γὰρ
1323 1052 1401 1091 ἀπὸ
1436 1052 1623 1101 κλητικῆς

83 1123 277 1164 σύνθετον
299 1124 425 1173 ὄνομα
447 1123 686 1170 συντίθεται,
711 1122 790 1162 ἀπὸ
813 1122 855 1162 δὲ
879 1121 1018 1162 ἄλλων
1039 1121 1234 1161 πτώσεων

242 1190 515 1244 ἠπεροπευτής
549 1192 591 1231 ἐκ
629 1193 697 1230 τοῦ
730 1190 876 1243 ἥμερος
912 1190 976 1230 καὶ
1010 1192 1079 1229 τοῦ
1114 1190 1184 1242 ὄψ,
1220 1188 1241 1229 ὃ
1283 1186 1512 1245 σιἠμαίνει]
1552 1189 1624 1240 τὴν
1648 1204 1693 1242 15

84 1259 236 1313 φωνήν,
271 1262 291 1300 ὁ
323 1259 454 1315 ἡμέρῳ
487 1257 597 1316 ὀπΙἾι]
631 1259 851 1313 χρώμενος·
883 1258 919 1309 ἤ,
954 1259 1092 1310 ὥσπερ
1123 1259 1231 1310 παρὰ
1265 1255 1349 1314 [τὸ]
1389 1258 1470 1311 ἔχω
1504 1258 1624 1311 ὀχεύς

85 1329 149 1370 καὶ
181 1329 274 1380 ἔπω,
315 1327 358 1385 [ὅ
392 1327 500 1385 ἐστι]
538 1328 659 1381 λέγω,
692 1328 824 1377 ὀπεύς,
858 1325 1147 1383 πλεο[νασμῲ]
1181 1329 1250 1367 τοῦ
1286 1326 1360 1380 πέρ
1400 1325 1624 1377 συνδέσμου

85 1399 280 1451 περοπεύς
315 1399 378 1439 καὶ
399 1400 500 1449 μετὰ
524 1400 592 1438 τοῦ
620 1404 644 1437 ᾶ
673 1400 741 1437 τοῦ
765 1397 1030 1448 σημαίνοντος
1056 1394 1139 1452 [τὸ]
1166 1400 1287 1438 κακὸν
1309 1394 1621 1452 ἀπεροπευ[τής]

85 1465 150 1506 καὶ
171 1466 296 1520 τροπῇ
320 1461 634 1520 ἠπεροπ[ευτής]
660 1464 782 1505 οἱονεὶ
805 1464 825 1502 ὁ
849 1463 954 1518 κακῷ
978 1460 1131 1519 λόγ[ῳ]
1155 1463 1359 1515 χρώμενος
1385 1463 1448 1503 καὶ
1471 1462 1603 1518 ἀπάτῃ

141 1534 210 1585 56.
243 1533 496 1587 δειλήμονες]
518 1532 716 1587 γράφεται
745 1531 808 1574 καὶ
827 1531 1139 1584 “δειὸήμονες·”
1162 1533 1372 1584 ἀμφότερα
1388 1533 1430 1572 δὲ
1452 1534 1622 1582 δηλοῦσι
1645 1545 1693 1569 20

83 1602 174 1646 τοὺς
197 1603 387 1654 εὐλαβεῖς

142 1682 209 1724 57.
243 1670 365 1729 ἕσσο]
390 1671 579 1713 ἐνδέδυσο
757 1672 823 1712 60.
856 1668 1034 1727 ἀτειρής]
1059 1671 1360 1720 ἀκαταπόνητος

143 1742 210 1781 61.
243 1742 286 1783 ὅς
309 1740 342 1781 τ’
365 1739 489 1798 εἶσιν]
518 1740 805 1794 προσληπτέον
826 1740 871 1780 τὸ
895 1739 1221 1792 καταφερόμενον

142 1812 210 1865 63.
244 1811 296 1853 ὥς
318 1808 398 1867 τοι]
424 1811 523 1850 οὕτω
547 1828 614 1850 σοι

142 1880 208 1930 64.
241 1884 267 1902 “
283 1879 498 1933 χρυσέης”
531 1881 667 1930 καλῆς.
701 1879 734 1933 ξ.
759 1878 948 1919 ‘Em-caia
978 1880 1020 1919 δὲ
1053 1877 1075 1928 ἡ
1106 1876 1357 1931 γραμματική
1387 1883 1528 1929 φησιν,
1560 1878 1619 1918 ὅτι
1644 1889 1692 1927 25

83 1949 224 1990 πεδίον
266 1950 354 1989 ἐστὶ
396 1951 573 2001 χρυσοῦν
609 1949 872 2000 καλούμενον,
906 1948 949 1988 ἐν
980 1945 1009 2002 ᾧ
1043 1945 1289 1999 Ἀφροδίτην
1319 1948 1524 1996 τιμᾶσθαι,
1556 1945 1621 1987 καὶ

84 2018 185 2059 εἶναι
209 2019 308 2058 οὕτω
329 2019 481 2071 χρυσῆς
505 2016 747 2070 Ἀφροδίτης
778 2017 893 2068 ἱερόν.
936 2017 1000 2057 καὶ
1023 2015 1060 2056 οἳ
1081 2017 1154 2067 μὲν
1177 2016 1256 2056 ἀπὸ
1288 2017 1357 2066 τῆς
1390 2014 1550 2066 Πάφου,
1583 2015 1621 2055 οἳ

83 2089 126 2127 δὲ
148 2087 221 2137 τὴν
248 2086 388 2137 καλήν·
423 2086 632 2137 Κλεάνθης
650 2087 692 2126 δὲ
715 2085 779 2141 (fr.
804 2098 829 2140 3
852 2085 940 2138 W.)
965 2085 1029 2125 καὶ
1048 2086 1091 2127 ἐν
1113 2083 1262 2139 Λέσβῳ
1295 2085 1395 2125 οὕτω
1427 2086 1620 2134 τιμᾶσθαι

85 2155 329 2209 Ἀφροδίτην
349 2158 504 2209 χρυσῆν
528 2155 614 2195 B:

142 2225 210 2277 65.
243 2222 479 2281 ἀπόβλητα]
505 2225 717 2276 ἀποβολῆς
739 2223 833 2275 ἄξια
1640 2233 1691 2270 30

142 2295 209 2335 66.
243 2291 360 2351 ἑκών]
385 2295 508 2348 οἰκείᾳ
533 2294 700 2349 σπουδῇ,
721 2293 774 2345 μὴ
793 2294 981 2335 διδόντων
1003 2293 1130 2334 αὐτῶν

145 2374 209 2417 73.
242 2361 452 2420 ταμόντες]
482 2363 529 2404 δι’
554 2364 731 2414 ἐντομῶν
753 2362 1020 2414 ποιησάμενοι
1044 2363 1127 2406 Β-ξ-

145 2434 208 2473 80.
242 2429 537 2488 τιτυσκόμενοι]
563 2432 954 2485 καταστοχαζόμενοι
978 2432 1068 2471 A:

145 2502 208 2556 83.
243 2499 425 2557 στεῦται]
457 2503 562 2552 παρὰ
589 2500 634 2540 τὸ
661 2502 806 2550 στῆθος
839 2502 925 2542 οἷον
957 2503 999 2542 ἐν
1029 2504 1112 2543 τοῖς
1145 2499 1316 2552 στήθεσι
1345 2503 1617 2542 διανοεῖται-

86 2572 169 2612 ἐκεῖ
199 2572 273 2623 γὰρ
296 2574 340 2609 τὸ
364 2570 542 2622 λογικόν,
569 2570 620 2611 ὥς
643 2574 772 2621 φησιν
788 2569 969 2623 (Όμηρος
992 2573 1176 2621 “στῆθος
1208 2571 1250 2610 δὲ
1276 2569 1433 2620 πλήξας
1457 2570 1618 2621 κραδίην
1638 2581 1687 2619 35

86 2640 260 2690 ἠνίπαπε
291 2639 400 2693 μύθῳ
414 2638 436 2652 ”
461 2636 559 2693 (Od.
586 2652 649 2681 20.
677 2638 832 2695 17)-ἢ
863 2641 970 2692 παρὰ
1000 2644 1044 2680 τὸ
1081 2639 1220 2692 (στῶ)
1253 2638 1392 2687 στεύω,
1422 2638 1473 2680 ὡς
1505 2639 1616 2678 ἆθλῶ

85 2709 255 2758 ἀθλεύω,
275 2708 459 2748 στεύεται
483 2710 546 2748 καὶ
571 2709 669 2748 κατὰ
691 2709 899 2761 συγκοπὴν
922 2712 942 2728 “
958 2707 1153 2750 στεῦται”

146 2778 212 2826 84.
245 2773 367 2832 ἄνεῳ]
393 2776 485 2817 ἄνευ
508 2777 601 2824 ἰωῆς
623 2775 710 2826 ἤτοι
732 2779 868 2828 φωνῆς
891 2778 955 2818 καὶ
978 2778 1153 2829 θορύβου

145 2855 212 2899 95.
246 2842 363 2901 ἀκήν]
384 2843 446 2884 ἐπ’
469 2845 589 2896 ἄκρας
610 2844 782 2898 ἡσυχίας
805 2845 999 2898 ἐγένοντο·
1033 2846 1106 2892 ἀκὴ
1129 2845 1205 2898 γαμ
1227 2846 1249 2890 ὴ
1272 2844 1412 2896 ὀξύτης

133 2935 160 2963 1,
181 2935 207 2956 2.
225 2923 434 2960 βλαπτούσας
453 2925 484 2955 I)
511 2929 522 2962 ΙΙ
554 2934 600 2955 11.
618 2923 722 2964 φέρων
739 2926 792 2956 Et.
809 2926 877 2958 M.:
903 2924 1002 2966 ῥέζων
1027 2930 1038 2963 ΙΙ
1069 2925 1117 2955 18.
1134 2923 1277 2964 περιπεύς
1295 2929 1306 2962 Η
1330 2924 1377 2955 26.
1396 2924 1521 2963 χρυσῆν
1537 2928 1616 2955 ante

85 2968 234 3052 ’Ῑςφμῆιςη
252 2973 294 2999 Β;
313 2969 375 3000 del.
398 2969 439 2998 w
459 2971 471 3005 Η
493 2970 542 3000 28.
569 2967 732 3008 Κλεάνθης
750 2970 778 2999 Β
793 2970 842 3001 D:
867 2969 1044 3009 ἀπλεάνθης
1063 2973 1074 3006 ΙΙ
1095 2968 1144 3009 36.
1164 2969 1270 3010 suppl.
1289 2969 1330 2998 w
1359 2971 1371 3008 ΙΙ
1400 2969 1450 3008 38.
1477 2966 1614 3007 θορύβου
