1939 3227
607 122 834 160 ιΛιΑΔοΣ
867 122 919 158 Ω.
953 116 1067 173 (24)
1525 114 1610 153 559

126 237 222 276 660.
255 234 304 291 ᾧ]
327 234 436 290 ᾧτινι
613 232 710 287 683.
745 231 870 284 ζῶμα]
894 231 945 273 ὡς
967 232 1207 283 περίσκελος
1230 230 1314 271 νόει

126 303 221 345 688.
252 304 422 358 γενύων]
445 307 523 344 τῶν
545 303 747 356 σιαγόνων
923 299 1020 354 689.
1055 299 1221 352 ὤρνυτο]
1244 299 1460 352 ἐφώρμησε

126 373 223 427 690.
256 372 536 425 παπτήναντα]
559 370 847 424 προδεδειχότα

127 444 224 495 691.
255 442 446 495 ὑπήριπε]
471 439 693 494 κατηνέχθη
873 438 970 490 692.
1004 437 1164 490 φρικός]
1187 440 1311 488 πνοῆς

127 514 224 567 699.
259 512 389 565 αὐτοί]
412 513 450 552 οἱ
473 511 588 563 φίλοι
610 510 730 550 αὐτοῦ
909 515 1001 559 705.
1037 506 1074 559 ε’]
1097 505 1220 556 αὐτήν
1631 518 1652 556 5

130 593 227 635 712.
259 582 310 623 ὡς
333 581 393 634 δέ]
416 579 607 633 παρέλκει
629 579 673 619 τὸ
697 580 718 599 “
734 576 811 618 δέ”
991 575 1247 627 ἀμείβοντες]
1271 575 1385 615 δοκοί

128 660 225 703 724.
259 650 436 703 ἀνάειρε]
460 648 738 700 ἇνακούφισον
918 646 1013 698 726.
1048 644 1170 697 κόψε]
1195 644 1385 695 ἔκρουσεν
1407 643 1493 688 A÷

130 730 224 772 727.
257 718 498 771 στήθεσσιν]
521 721 589 758 τοῦ
611 718 781 758 Αἴαντος

131 799 226 841 744.
259 788 463 841 Φοίνικες]
487 789 523 828 οἱ
548 789 611 827 καὶ
635 787 812 827 Σιδόνιοι

265 855 432 913 πόντον]
457 857 527 907 τὴν
547 855 729 909 μεγάλην
753 854 969 896 θάλασσαν
1636 865 1683 890 10

132 926 226 980 748.
257 927 302 968 οὗ
325 926 498 979 ἑτάροιο]
520 927 617 978 ὑπὲρ
640 928 708 965 τοῦ
730 926 968 976 Πατρόκλου

132 1006 228 1050 759.
261 996 424 1049 ἔκφερε]
448 995 696 1048 προέδραμεν

133 1067 227 1119 761.
262 1065 430 1116 στήθεος
452 1064 566 1118 ἄγχι]
591 1064 658 1104 ἐπί
834 1062 982 1115 κανών]
1007 1061 1183 1113 κάλαμος

132 1136 226 1188 765.
261 1136 300 1175 οἷ
321 1133 520 1186 κεφαλῆς]
543 1136 611 1173 τοῦ
634 1134 805 1174 Αἴαντος

134 1205 231 1257 767.
266 1200 426 1259 ἱεμένῳ]
451 1203 502 1257 τῷ
523 1202 723 1242 Ὀδυσσεῖ
1640 1210 1684 1247 15

134 1284 228 1325 792.
262 1271 569 1325 ἐριδδήσασθαι]
593 1269 849 1321 ἐξισωθῆναι,
873 1271 1151 1322 ἁμιλληθῆναι

135 1343 228 1393 805.
255 1340 492 1393 ὀρεξάμενος
513 1339 634 1394 χρόα]
658 1338 920 1392 ἐφαψάμενος
945 1342 1011 1378 τοῦ
1033 1339 1187 1392 χρωτός

135 1412 230 1451 806.
266 1410 508 1464 <ἐνδίνων>]
531 1414 608 1451 τῶν
632 1412 743 1451 ἐντὸς
765 1413 842 1450 τῶν
865 1409 1003 1449 ὅπλων
1023 1411 1158 1459 μελῶν
1180 1406 1215 1446 Β
1231 1417 1264 1451 4

135 1480 230 1533 815.
258 1479 426 1532 πάντας]
448 1479 537 1520 τούς

136 1549 231 1590 826.
264 1548 444 1600 διαφέρει
471 1549 595 1590 σόλος
623 1548 686 1588 καὶ
718 1547 866 1588 δίσκος·
909 1547 929 1586 ὁ
961 1547 1034 1597 μὲν
1065 1547 1141 1599 γὰρ
1174 1546 1309 1587 δίσκος
1341 1545 1493 1587 πλατύς
1526 1546 1614 1585 ἐστι
1638 1560 1686 1584 20

77 1618 140 1659 καὶ
163 1617 411 1669 κυκλοτερής,
436 1618 457 1657 ὁ
483 1619 525 1658 δὲ
549 1617 673 1658 σόλος
697 1615 945 1670 στρογγύλος
968 1616 1032 1656 καὶ
1056 1614 1316 1667 σφαιροειδής
1340 1614 1427 1659 A÷

136 1688 229 1742 832.
262 1686 318 1740 οἶ]
341 1690 409 1727 τοῦ
431 1685 755 1736 ἀεθλευσαμένου

137 1756 232 1797 886.
280 1756 451 1810 (ἥμονες
497 1755 686 1808 ἄνδρες>]
729 1755 963 1796 ἀκοντισταὶ
1006 1754 1159 1807 ἄνδρες.
1213 1753 1292 1794 ἀπὸ
1333 1757 1402 1793 τοῦ
1443 1754 1528 1805 ἵημι
1570 1754 1614 1794 τὸ

78 1825 216 1877 πέμπω
239 1826 325 1871 Α-ξ-

821 2000 872 2036 Ω.

167 2089 204 2130 6.
238 2089 474 2142 ἀνδροτῆτα]
498 2090 569 2140 τὴν
592 2089 776 2141 ἀνδρείαν
956 2089 992 2127 8.
1026 2087 1190 2141 πείρων]
1214 2091 1412 2139 διαπερῶν

143 2172 157 2198 1
174 2172 207 2200 1.
240 2160 328 2198 τοτὲ
352 2158 412 2211 δέ]
435 2159 584 2199 ἄλλοτε
607 2158 651 2198 δέ

144 2236 204 2279 15.
239 2228 430 2269 ἕλκεσθαι
453 2226 696 2279 δησάσκετο]
721 2227 830 2267 εἷλκε
854 2224 979 2276 δήσας

141 2309 206 2350 30.
239 2296 521 2350 μαχλοσύνην]
544 2300 658 2350 χαλῶ
685 2297 813 2349 χαλός
847 2296 910 2336 καὶ
943 2295 1184 2350 πλεονασμῷ
1218 2295 1286 2344 τῆς
1318 2297 1372 2346 ffiffi
1404 2295 1618 2345 συλλαβῆς

83 2365 146 2406 καὶ
169 2368 348 2422 συγκοπῇ
371 2367 529 2419 μαχλός
551 2366 615 2406 καὶ
637 2365 682 2406 τὸ
705 2368 879 2416 θηλυκὸν
901 2364 1039 2418 μαχλή
1639 2373 1689 2407 30

141 2447 208 2489 33.
243 2435 445 2488 σχέτλιοι]
469 2435 696 2487 ἀγνώμονες
873 2433 1114 2486 δηλήμονες]
1137 2435 1363 2485 βλαπτικοί

141 2512 209 2554 52.
242 2503 420 2556 ἄμεινον]
444 2503 653 2555 ἐπωφελές
831 2512 898 2556 53.
933 2502 1265 2556 νεμεσσηθῶμεν]
1281 2502 1533 2554 μεμψώμεθα

143 2573 209 2612 60.
246 2572 432 2625 ἀτίτηλα]
456 2571 709 2622 ἐπεμελήθην

246 2643 287 2682 ἐκ
314 2645 382 2681 τοῦ
404 2641 551 2682 (ἰταλός
573 2642 728 2683 ἁπαλός
749 2658 807 2683 τις
829 2641 895 2681 ὥν·
929 2641 1032 2697 [καὶ]
1051 2640 1096 2681 τὸ
1117 2643 1191 2692 μὲν
1212 2640 1369 2682 ἁπαλός
1391 2639 1617 2688 δασύνεται,

84 2710 129 2750 τὸ
151 2712 192 2751 δὲ
216 2710 362 2751 ἀταλός
383 2713 578 2762 ψιλοῦται
1640 2718 1689 2757 35

145 2782 211 2832 63.
245 2778 467 2831 φόρμιγγα]
491 2777 753 2831 ἐννεάχορδον
931 2777 1064 2830 ἕταρε]
1087 2779 1185 2829 φίλε

147 2858 212 2899 74.
246 2847 336 2888 ἀλλ’
361 2848 414 2900 εἰ]
438 2847 527 2888 ἀλλ’
553 2849 633 2888 εἴθε
658 2847 744 2886 B:
930 2847 996 2900 76.
1028 2845 1156 2902 λάχῃ]
1186 2846 1285 2902 τύχῃ

92 2989 100 2999 '
134 2942 399 3017 32ὲμεμ1ψώμεθα
428 2944 490 2975 W:
516 2942 722 2982 μεμυμύμεθα
752 2947 763 2981 ΙΙ
796 2943 844 2982 36.
870 2942 1082 2983 ἐννεάχορδον
1109 2943 1235 2983 scrip<i‚
1265 2941 1415 2973 ἐπαείδων
1443 2943 1525 2972 coni.
1553 2943 1618 2974 W:

88 2999 169 3019 ειάει
189 2999 249 3027 ρων
281 2998 332 3028 egl
