1939 3227
617 111 845 150 ΙΛιΑΔοΣ
879 108 923 151 Ξ.
958 106 1044 164 (14
1057 106 1072 162 >
1524 101 1606 140 537

1368 215 1391 230 Η

137 228 232 279 781.
265 223 355 282 οἵω]
378 225 494 276 μόνοι
670 222 766 274 782.
798 218 1049 276 τετυμμένοι]
1075 226 1100 242 “
1117 216 1355 271 τετρωμένοι

138 306 233 350 793.
264 290 504 347 Ἀσκανίης]
527 291 646 333 πόλις
669 290 845 343 Φρυγίας

139 364 234 404 800.
267 359 475 418 ἀρηρότες]
498 359 745 413 ἡρμοσμένοι

139 434 233 488 809.
265 434 395 484 μακρὰ
416 426 653 485 βιβάσθων]
677 427 765 480 ἤτοι
789 426 951 481 μεγάλα
971 426 1194 478 διαβαίνων
1213 423 1304 464 A—

139 503 236 557 813.
269 501 292 553 ἧ
315 497 409 556 θην]
434 500 556 541 οὕτως
1638 511 1660 549 5

140 571 234 623 815.
266 569 291 621 ἧ
313 566 375 625 κε]
401 569 523 610 ὄντως
547 583 588 608 κε
766 560 1019 620 εὐναιομένη]
1043 563 1066 614 ἡ

274 634 371 694 ὑμή]
394 636 417 687 ἡ
440 635 606 688 ὑμετέρα

141 710 235 763 837.
268 703 387 762 Διός]
415 702 570 762 ἆ[έρ]ος

824 830 854 842 Ἀ

821 845 870 871 :1-

143 933 179 961 1.
213 920 373 972 σφόδρα
395 916 559 959 συνετὸς
581 914 786 969 εἰσάγεται
809 915 830 955 ὁ
852 913 1023 967 Νέστωρ
1054 914 1107 966 μὴ
1142 914 1356 966 νικώμενος
1386 913 1463 953 ὑπὸ
1494 910 1616 963 μέθης
1644 937 1691 961 10

82 993 151 1030 τὸν
172 989 372 1042 λογίσμον
392 986 480 1030 A÷

143 1054 356 1114 [ἐζήτηται,
380 1059 463 1097 πῶς
495 1055 515 1094 ὁ
548 1053 717 1105 Νέστωρ
749 1053 815 1094 ἐπὶ
847 1055 1042 1093 τοσοῦτον
1073 1053 1179 1094 πίνει
1211 1052 1364 1107 χρόνον
1395 1049 1614 1103 ἀρξάμενος

84 1126 162 1167 ἀπὸ
184 1129 262 1166 τῶν
283 1123 469 1178 ἐσχάτων
490 1124 558 1172 τῆς
579 1125 625 1162 Δ.
650 1123 714 1162 καὶ
734 1120 886 1175 ῥητέον,
911 1122 972 1162 ὅτι
1004 1121 1048 1161 οὐ
1079 1124 1272 1161 τοσοῦτον
1292 1121 1441 1174 χρόνον
1465 1118 1612 1169 ἔπινεν,

83 1193 177 1235 ἀλλ’
194 1190 392 1249 ’Όμηρος]
421 1193 520 1232 κατὰ
541 1190 796 1243 παρέκβασιν
817 1191 1068 1243 ἀπαγγείλας
1099 1191 1168 1232 τὰς
1195 1187 1371 1241 πράξεις,
1392 1185 1614 1240 βουληθεὶς

84 1266 127 1305 δὲ
159 1264 225 1304 ἐπὶ
256 1267 325 1303 τόν
356 1260 546 1314 Νέστορα
575 1259 885 1314 (ἐπανελθεῖν),
917 1258 1042 1301 πάλιν
1075 1258 1153 1300 ἀπὸ
1175 1258 1320 1304 ταύτης
1341 1259 1411 1309 τῆς
1436 1255 1620 1310 πράξεως
1648 1281 1694 1318 15

83 1331 243 1385 ἤρξατο,
267 1330 336 1384 ἀφ’
360 1331 490 1383 ἧσπερ
513 1330 632 1370 αὐτὸν
655 1328 845 1370 κατέλιπε
867 1332 1058 1370 ποιοῦντα
1078 1328 1170 1367 Α--

259 1400 304 1442 τὸ
327 1403 392 1426 “⁹-
369 1425 386 1441 1.
364 1417 438 1452 ερ
466 1397 589 1440 ’ἀντὶ
610 1401 678 1449 τῆς
702 1399 777 1446 καί,
799 1402 821 1420 “
838 1396 1006 1440 πίνοντά
1028 1414 1101 1450 περ
1125 1395 1280 1448 ἔμπης”

145 1479 183 1523 7.
214 1473 365 1523 βροτὸν
387 1464 646 1524 αἱματόεντα]
670 1467 740 1508 τὸν
759 1464 1012 1522 μ[ολ]υσμὸν
1034 1469 1103 1507 τοῦ
1126 1465 1373 1518 ἀνθρωπείου
1398 1466 1564 1517 αἵματος

148 1552 164 1579 1
179 1553 210 1581 1.
233 1541 409 1581 πιθανῶς
427 1536 544 1579 ὁνέος
564 1538 746 1588 εἰσῆκται
764 1534 1007 1590 κεχρημένος
1025 1536 1070 1591 τῇ
1088 1535 1218 1590 χρυσῇ
1235 1535 1388 1576 ἀσπίδι·
1411 1534 1622 1587 προείρηκε

85 1610 161 1663 γὰρ
184 1609 204 1649 ὁ
226 1607 391 1659 ποιητὴς
409 1605 531 1647 “ἇλλ’
549 1602 861 1660 ἐφομαρτεῖτῙον
874 1602 958 1660 καὶ]
984 1605 1215 1653 σπεύδετον,
1233 1604 1275 1644 αἵ
1295 1621 1338 1645 κε
1358 1601 1617 1659 λά[βωμεν]”
1650 1630 1697 1654 20

85 1676 158 1733 (ΙΙ.
187 1675 461 1732 8.191)A=

150 1759 214 1801 13.
248 1748 323 1796 στῆ
346 1744 377 1786 δ’
401 1743 513 1787 ε’κτὸς
539 1740 720 1800 κλισίης]
745 1744 801 1786 εἷς
822 1742 985 1796 ὑψηλὸν
1005 1742 1081 1796 γὰρ
1103 1742 1226 1783 τόπον
1248 1741 1296 1794 ἦν
1317 1741 1340 1793 ἡ
1366 1740 1493 1792 σκηνή

149 1823 213 1867 15.
247 1815 336 1856 ἔστι
356 1815 462 1867 ῥῆμα
483 1814 642 1865 ἐρίπτω,
667 1812 687 1852 ὃ
711 1813 898 1864 σημαίνει
920 1816 964 1852 τὸ
991 1813 1136 1860 πίπτω,
1162 1814 1181 1834 “
1195 1811 1313 1864 ἤριπε
1334 1811 1380 1862 δ’,
1403 1811 1454 1853 ὡς
1477 1811 1544 1851 ὅτε
1565 1825 1625 1851 τις

88 1884 213 1937 δρῦς”
246 1882 318 1939 (Il.
346 1895 408 1937 13.
433 1881 534 1938 389)
567 1881 631 1922 καὶ
664 1886 686 1904 “
704 1882 856 1922 ποσσὶν
888 1880 1093 1934 ἐρίπτων”
1117 1879 1189 1935 (Il.
1216 1889 1279 1933 15.
1303 1879 1406 1935 356)
1439 1880 1526 1921 ἀντὶ
1558 1881 1626 1919 τοῦ

90 1953 376 2005 καταρρίπτων·
411 1952 455 1992 οὗ
477 1952 629 2004 γίνεται
648 1950 868 2002 παθητικὸν
885 1950 1095 2002 ἐρίπτομαι
1118 1950 1205 1991 ἀντὶ
1222 1953 1290 1989 τοῦ
1313 1948 1625 2000 καταβάλλομαι
1651 1972 1698 2009 25

89 2023 155 2064 καὶ
188 2021 353 2074 ἤριμμαι
390 2020 609 2071 παθητικὸς
640 2020 927 2072 παρακείμενος
970 2020 1035 2060 καὶ
1073 2019 1245 2071 ἠρίμμην
1277 2017 1625 2070 ὑπερσυντελικός,

88 2092 214 2145 ἤριψο
231 2091 387 2144 ἥριπτο,
406 2090 470 2131 καὶ
487 2089 667 2132 Ἀττικὸς
684 2088 986 2139 διπλασιασμὸς
1004 2087 1202 2141 ἐρήριπτο,
1221 2088 1285 2129 καὶ
1303 2087 1402 2129 κατὰ
1420 2087 1628 2138 συστολὴν

89 2163 111 2182 “
128 2160 311 2214 ἐρέριπτο
329 2159 351 2174 ”
375 2159 466 2198 A:

157 2230 220 2270 16.
253 2225 395 2284 κωφῷ]
418 2227 471 2279 μὴ
493 2226 558 2268 ὑπ’
582 2226 724 2279 ἀνέμου
748 2225 987 2280 ἐγειρομένῳ

154 2308 216 2350 17.
250 2294 497 2354 ὀσσόμενον]
521 2299 799 2349 προσημαῖνον
819 2294 842 2346 ἢ
866 2296 1194 2349 προσδεχόμενον
1215 2295 1304 2335 A—
1653 2320 1702 2357 30

154 2377 217 2422 25.
249 2363 370 2423 λάκε]
393 2365 486 2420 ἤχει
664 2362 840 2421 ἀτειρής]
867 2366 888 2405 ὁ
910 2365 1210 2416 ἀκαταπόνητος

153 2445 220 2491 35.
253 2436 305 2490 τῷ
326 2433 395 2491 ῥα]
420 2435 480 2476 διὸ
504 2433 551 2485 δή

155 2500 491 2560 <προκρόσσας>]
531 2501 652 2544 οἱονεὶ
686 2501 1036 2558 προκάρο<σ>σοι,
1069 2503 1174 2555 παρὰ
1217 2506 1262 2543 τό
1299 2502 1410 2556 κάρα,
1445 2504 1486 2543 αἱ
1529 2505 1627 2543 κατὰ

95 2573 279 2626 κεφαλὴν
315 2571 610 2623 συντεθειμέναι
654 2570 774 2625 (καὶ)
819 2573 906 2614 οἷον
947 2571 1018 2614 τὰς
1060 2573 1240 2624 κεφαλὰς
1283 2573 1347 2613 καὶ
1388 2573 1458 2614 τὰς
1500 2573 1625 2624 ἀρχὰς

98 2641 330 2697 <ἇλλήλαις
362 2640 608 2694 ἐπιθεῖσαι>·
667 2642 731 2682 καὶ
763 2645 840 2682 τῶν
870 2645 1016 2695 τειχῶν
1048 2642 1088 2682 αἱ
1132 2641 1308 2693 κεφαλαὶ
1343 2639 1407 2681 καὶ
1439 2642 1479 2681 αἱ
1512 2640 1629 2694 ἀρχαὶ
1654 2663 1702 2699 35

98 2711 268 2765 κροσσοί

145 2829 171 2850 1.
189 2817 378 2858 τετρωμένοι
397 2818 446 2848 D.
465 2816 648 2856 τετιωμένοι
665 2818 719 2858 leg
700 2819 731 2849 fri
750 2822 761 2856 ΙΙ
783 2827 832 2858 15.
850 2818 1000 2859 supplevi
1017 2828 1055 2848 ex
1074 2818 1111 2853 L,
1129 2817 1307 2855 μεταβῆναι
1325 2818 1357 2847 A
1378 2819 1391 2857 ΙΙ
1415 2815 1462 2846 16.
1481 2815 1630 2846 ποιοῦντα

100 2864 198 2895 AD:
216 2862 346 2892 πίνοντα
371 2865 383 2899 ΙΙ
414 2862 461 2892 18.
479 2862 630 2902 supplevi
649 2873 687 2892 ex
707 2862 736 2892 D
762 2866 773 2899 ΙΙ
802 2871 851 2892 22.
868 2860 907 2901 ἦν
924 2862 1059 2902 scripsi.
1086 2859 1156 2898 ἤτοι
1184 2864 1194 2896 Η
1225 2869 1274 2898 23.
1300 2859 1414 2899 ἐρίπτω
1431 2859 1517 2890 AD:
1536 2858 1629 2898 ἑριπῶ

100 2912 112 2946 Η
142 2917 190 2947 24.
207 2906 324 2936 ποσσὶν
340 2907 391 2936 A:
418 2905 530 2943 χερσῖν
555 2909 566 2942 ΙΙ
594 2914 653 2945 25-
659 2904 706 2935 26.
733 2903 1451 2944 ἐρεῖπομαι-ἥρειμμαι-ἠρείμμην-ἥρειψο,
1469 2902 1510 2934 cf.
1529 2903 1594 2933 AD
1614 2907 1625 2940 ΙΙ

103 2958 151 2991 27.
177 2950 209 2981 δὲ
228 2955 301 2991 post
318 2948 482 2987 συστολὴν
499 2949 593 2979 omisi
610 2952 647 2979 ut
665 2949 730 2979 AD
763 2952 774 2986 ΙΙ
809 2957 859 2988 30.
884 2949 986 2979 verba
1010 2959 1076 2978 non
1092 2952 1190 2983 certa,
1209 2947 1322 2988 scripsi
1340 2958 1379 2978 ex
1397 2947 1427 2977 D
1462 2949 1474 2984 ΙΙ
1508 2955 1570 2987 33-
1574 2955 1627 2987 35.

100 2994 250 3036 supplevi
269 3003 308 3024 ex
326 2993 379 3024 Et.
400 2993 449 3024 M.
478 2996 491 3032 ΙΙ
520 3000 569 3031 35.
594 2991 694 3032 ἀρχαὶ
712 3003 751 3023 ex
766 2992 820 3024 Et.
840 2992 907 3024 M.:
934 2990 1038 3032 μάχαι
