1939 3227
269 109 353 149 528
808 109 1029 148 ιΛιΑΔοΣ
1063 109 1108 149 Κ.
1139 105 1155 163 (
1175 106 1261 163 10)

328 231 426 276 547.
459 219 652 279 ἐοικότες]
677 222 889 275 παρόμοιοι
1064 229 1160 274 550.
1193 217 1363 277 ἐνόησα]
1386 218 1538 271 ἤκουσα

329 292 427 344 576.
462 290 788 345 <ἀσαμίνθους>]
811 291 881 334 τὰς
901 289 1085 337 λεκάνας,
1109 292 1215 343 παρὰ
1244 290 1289 330 τὸ
1317 289 1389 340 τὴν
1411 289 1515 340 ἄσην
1535 288 1713 341 μινύθειν
1736 289 1799 329 καὶ

271 360 465 402 ἐλαττοῦν
484 363 517 400 Α
531 370 565 405 -ι-

1010 467 1056 503 Λ.

226 555 248 591 5
327 557 365 600 3.
394 541 555 601 ’Έριδα]
580 544 652 596 τὴν
673 546 922 596 σωματοειδῆ
945 543 1041 584 θεάν

326 625 367 663 4.
399 612 592 665 πολέμοιο
613 610 747 670 τέρας]
772 613 858 664 ἤτοι
880 612 950 653 τὸν
971 613 1150 663 πόλεμον
1168 614 1201 651 Α
1215 621 1249 656 4-

328 683 366 724 6.
398 680 644 739 γεγωνέμεν]
669 684 773 724 ὥστε
954 694 1017 721 11.
1053 677 1187 736 ὄρθια]
1212 681 1350 733 ὀρθῶς,
1373 678 1561 733 μεγάλως
1582 682 1667 720 A=

329 763 394 793 21.
429 749 588 807 οὕνεκα]
614 753 674 792 ὅτι
852 762 918 801 24.
950 753 1019 790 τοῦ
1041 747 1104 805 δέ]
1130 750 1306 802 θώρακος

427 818 622 877 μέλανος]
646 820 725 861 ἀπὸ
746 820 954 874 χρώματος
974 818 1145 871 μέλανος

203 901 250 925 10
330 891 396 931 26.
429 887 676 946 ὀρωρέχατο]
701 888 929 941 ἐξετέταντο
951 891 1032 933 A÷

329 971 395 1013 31.
429 956 715 1015 ἀορτήρεσσιν]
740 959 885 1011 λώροις
908 960 990 1000 τοῖς
1013 957 1261 1009 ἀπαιωροῦσι
1283 956 1327 998 τὸ
1350 956 1468 1009 ξίφος
1490 959 1575 996 A=

327 1040 395 1082 32.
429 1025 706 1084 ἀμφιβρότην]
731 1028 802 1079 τὴν
822 1026 1016 1080 μεγάλην,
1039 1026 1111 1077 τὴν
1133 1026 1472 1079 παρασκέπουσαν
1493 1025 1563 1066 τὸν
1583 1026 1732 1077 βροτόν

430 1094 583 1153 θοῦριν]
606 1097 678 1148 τὴν
701 1096 865 1148 κούφην,
887 1096 959 1147 τὴν
980 1095 1185 1145 εὐκίνητον
1216 1099 1249 1135 Α
1263 1105 1297 1139 ÷

329 1173 396 1220 35.
427 1165 601 1217 μέλανος
624 1162 803 1221 κυάνοιο]
829 1164 912 1205 ἀπό

204 1243 248 1278 15
326 1244 395 1286 45.
429 1232 702 1291 ἐγδούπησαν]
726 1233 982 1285 πλεονασμὸς
1003 1236 1070 1274 τοῦ
1092 1233 1131 1287 γ,
1154 1233 1203 1275 ἵν’
1225 1232 1251 1289 ᾖ
1271 1232 1489 1286 τραχυτέρα
1508 1231 1531 1282 ἡ
1556 1231 1670 1284 φωνή

326 1314 394 1355 50.
425 1300 595 1359 ῥώοντο]
620 1304 760 1355 ὥρμων
779 1302 870 1342 A:
1053 1300 1171 1359 ἠῶθι]
1196 1304 1265 1352 τῆς
1288 1302 1484 1351 ἀνατολῆς
1506 1304 1591 1341 A=

329 1381 397 1425 51.
428 1371 515 1424 μεθ’
542 1369 718 1427 ἱππήων]
742 1371 842 1423 μετὰ
865 1375 942 1412 τῶν
964 1374 1097 1413 ἵππων
1120 1375 1150 1411 Β
1165 1381 1198 1415 ÷
1353 1378 1420 1424 53.
1453 1366 1611 1426 ἐέρσας]
1636 1369 1803 1422 δρόσους

331 1442 397 1483 62.
431 1441 566 1483 οὔλιος
588 1438 735 1496 ἀστήρ]
760 1440 955 1493 ὀλέθριος,
977 1440 1026 1482 ἵν’
1048 1439 1074 1496 ᾗ
1096 1441 1116 1480 ὁ
1140 1439 1254 1480 Κύων
1274 1439 1364 1479 Α--

331 1520 398 1564 71.
428 1507 628 1566 μνώοντο]
650 1509 807 1561 μνήμην
831 1511 1038 1550 ἐποιοῦντο
1059 1523 1137 1549 rec.

202 1588 250 1612 20
330 1579 396 1619 88.
429 1576 542 1635 ἅδος]
566 1581 630 1628 ἐῶ,
651 1578 892 1632 παραγωγὸν
913 1578 987 1619 ἕδω
1011 1579 1074 1619 καὶ
1096 1578 1189 1629 ἤδω,
1214 1577 1282 1630 ἀφ’
1306 1577 1350 1618 οὗ
1372 1577 1436 1618 καὶ
1457 1581 1477 1598 “
1495 1576 1624 1620 ἄδος”

333 1660 400 1701 90.
432 1645 574 1704 τῆμος]
598 1649 700 1694 τότε,
725 1647 809 1688 καθ’
831 1646 881 1697 ἢν
903 1648 1009 1700 ὥραν
1186 1654 1254 1701 95.
1285 1643 1506 1702 μετώπιον]
1530 1644 1629 1686 κατά

332 1730 426 1758 100.
457 1713 782 1772 παμφαίνοντας]
806 1715 893 1767 ἤτοι
914 1715 1043 1769 γυμνά
1218 1711 1425 1771 περίδυσε]
1449 1713 1472 1766 ἢ
1495 1715 1688 1767 ἀφείλετο
1703 1715 1791 1759 Α-Ι-

334 1798 426 1836 104.
460 1782 716 1841 παρέβασκε]
741 1784 978 1838 παραβάτης
999 1784 1047 1836 ἦν
1064 1784 1155 1824 A=
1338 1783 1387 1837 ὥ]
1411 1787 1551 1826 δυϊκῶς

332 1863 426 1908 105.
460 1855 503 1896 ἐν
525 1851 731 1911 κνημοῖσι]
754 1857 841 1897 ταῖς
862 1853 1120 1907 προβάσεσιν

203 1939 251 1974 25
462 1926 648 1975 κνημοῖσι
666 1925 751 1974 δίδη
769 1920 985 1980 μόσχοισι]
1006 1921 1167 1977 ἐξοχαῖς
1185 1922 1328 1974 ἔδησεν
1404 1921 1498 1963 106.
1521 1919 1719 1977 ἀποίνων]
1738 1920 1803 1962 διά

335 2004 429 2046 109.
462 1989 759 2047 σπερχόμενος]
785 1991 1019 2042 σπουδάζων

334 2074 428 2105 122.
460 2058 735 2117 μενεχάρμην]
758 2065 828 2102 τὸν
848 2060 1097 2113 ὑπομένοντα
1118 2061 1190 2112 τὴν
1210 2060 1356 2114 μάχην,
1378 2060 1598 2112 πολεμικόν
1618 2059 1709 2099 A=

333 2144 426 2183 124.
456 2127 763 2187 Ἀλεξάνδροιο]
787 2129 893 2183 παρά
914 2130 1003 2170 A=

335 2209 428 2252 147.
461 2200 588 2251 ὅλμον
625 2199 656 2240 δ’
693 2200 744 2242 ὣς
781 2197 945 2254 ἔσσευε]
984 2199 1110 2250 ὅλμον
1138 2200 1180 2239 δὲ
1209 2199 1322 2249 δίκην
1357 2200 1495 2239 εἴασεν
1528 2197 1646 2238 αὐτὸν
1677 2198 1803 2251 ῥίψας

203 2284 254 2318 30
275 2270 499 2310 κυλίεσθαι·
531 2268 654 2320 ὅλμος
678 2267 722 2309 δέ
748 2269 836 2309 ἐστι
859 2271 994 2310 κοιλὸς
1021 2269 1147 2314 λίθος,
1171 2268 1227 2308 εἷς
1255 2266 1300 2308 ὃν
1323 2268 1539 2307 κόπτουσιν
1561 2267 1710 2318 ὄσπρια
1739 2268 1801 2308 καὶ

273 2338 381 2378 ἄλλα
401 2337 490 2379 τινά
504 2337 594 2376 A=

336 2414 429 2457 155.
462 2402 615 2461 ἀξύλῳ]
638 2403 662 2455 ἢ
685 2405 731 2460 τῇ
752 2403 964 2459 πολυξύλῳ
989 2402 1072 2444 κατ’
1096 2404 1281 2445 ἐπίτασιν
1297 2404 1337 2443 Α
1351 2414 1384 2448 -1-

335 2474 428 2514 160.
462 2470 593 2529 κεινά]
618 2472 712 2515 κενά
891 2473 984 2512 166.
1017 2472 1053 2513 οἳ
1076 2470 1139 2528 δέ]
1164 2474 1201 2513 οἱ
1223 2476 1357 2524 Τρῶες

336 2543 429 2595 169.
461 2539 655 2597 ἀάπτους]
675 2541 895 2592 ἀπτοήτους
1074 2552 1166 2593 172.
1201 2542 1237 2582 οἳ
1259 2539 1320 2597 δέ]
1345 2543 1381 2582 οἱ
1403 2541 1536 2593 Τρῶες

205 2621 254 2657 35
338 2621 430 2665 173.
464 2610 601 2653 νυκτὸς
625 2610 805 2664 ἀμολγῷ]
831 2611 882 2664 τῷ
903 2611 1163 2665 μεσονυκτίῳ,
1186 2611 1251 2651 ὅτε
1274 2609 1400 2652 οὐδεὶς
1421 2609 1672 2663 μολ<ίσκ>ει
1693 2610 1779 2655 Α-ἱ-

338 2680 428 2720 180.
461 2678 550 2731 περὶ
571 2683 647 2731 πρὸ
668 2676 764 2735 γάρ]
788 2682 990 2731 περισσῶς
1011 2678 1086 2731 γάρ
1104 2679 1192 2717 A:

340 2749 433 2802 183.
467 2745 711 2804 πιδηεσσης]
735 2749 803 2797 τῆς
824 2747 1058 2799 πολυύδρου,
1075 2749 1143 2797 τῆς
1165 2746 1342 2789 πολλοὺς
1363 2747 1531 2789 πίδακας
1553 2746 1725 2800 ἐχούσης

325 2834 353 2867 7.
379 2827 421 2857 ad
445 2835 547 2866 v.13
572 2825 715 2867 νέεσθαι]
742 2826 836 2857 omisi
858 2823 940 2865 παρά
966 2825 1033 2878 (veJ
1057 2825 1152 2865 παρό)
1181 2829 1192 2863 ΙΙ
1218 2835 1248 2867 9.
1272 2830 1429 2863 μελανους
1452 2825 1597 2856 alterum
1620 2825 1685 2866 legi
1711 2828 1723 2863 ΙΙ
1753 2835 1802 2857 20.

280 2870 323 2901 ad
346 2869 417 2900 ἅδος
441 2870 670 2911 superscripsit
693 2880 757 2900 rec.
780 2868 870 2908 κόρος
895 2872 906 2906 ΙΙ
935 2877 985 2899 22.
1009 2868 1079 2907 ἤτοι
1098 2879 1156 2909 pro
1179 2868 1198 2907 ἢ
1221 2870 1305 2900 coni.
1321 2869 1364 2898 W
1391 2872 1402 2906 Η
1429 2866 1449 2906 ἦ
1458 2869 1597 2921 scripsi.
1620 2868 1672 2899 καὶ
1705 2872 1717 2907 ΙΙ
1753 2877 1802 2907 23.

281 2913 393 2944 δυϊκῶς
415 2923 482 2944 non
505 2916 650 2944 eertum:
679 2913 803 2953 sumpsi
826 2923 866 2943 ex
889 2912 920 2943 D
950 2915 962 2949 ΙΙ
995 2912 1041 2942 28.
1066 2911 1147 2951 παρά
1168 2913 1220 2943 A:
1246 2910 1314 2951 περί
1338 2915 1350 2950 ΙΙ
1378 2921 1428 2951 32.
1453 2910 1525 2951 ἤτοι
1548 2923 1606 2953 pro
1627 2910 1648 2950 ἦ
1664 2911 1704 2952 τῇ
1719 2912 1803 2943 coni.

278 2956 320 2985 W
348 2960 360 2994 ΙΙ
388 2965 439 2996 35.
463 2957 614 2998 supplevi
631 2967 670 2986 ex
686 2956 753 2987 AD
779 2959 791 2994 ΙΙ
816 2955 914 2987 schol.
932 2955 1068 2986 iteravit
1084 2966 1148 2987 ree.
1166 2956 1201 2986 in
1217 2956 1367 2996 margine
