1939 3227
254 96 340 136 488
811 98 1039 138 ῙΛῙΑΔΟΣ
1073 100 1117 140 A.
1151 96 1166 153 (
1185 100 1203 138 1
1221 97 1236 154 )

316 208 383 250 88.
416 208 689 266 δερκομένοιο]
712 210 970 263 βλεπομένου
1054 225 1122 265 90.
1152 209 1433 268 Ἀγαμέμνων]
1457 212 1478 253 6
1499 212 1629 266 τρίτος
1647 212 1789 267 ἔξοχος

318 278 385 332 98.
418 282 438 299 “
455 279 520 319 ἕλι
536 276 555 293 ”
580 281 678 319 κατὰ
704 280 915 322 διάλεκτον
937 283 1053 322 καλεῖ
1077 280 1121 321 τὸ
1142 280 1273 331 μέλαν

321 360 413 387 100.
444 348 512 400 μὶν
534 347 794 404 πεπίθοιμεν]
823 349 892 390 τὸν
910 349 1158 390 Ἀπόλλωνα
1180 350 1396 400 πείσαιμεν

321 428 414 471 103.
449 418 490 457 ἐκ
520 420 588 456 τοῦ
616 417 715 471 ἄχος
747 418 832 471 ἅχω
863 418 984 471 ἀχύω,
1008 417 1071 458 καὶ
1101 420 1199 458 κατὰ
1224 417 1486 470 πλεονασμὸν
1506 422 1574 459 τοῦ
1600 421 1623 460 ἶ)
1645 417 1792 472 ἀχύνω,

218 497 240 535 5
263 485 327 526 καὶ
357 486 400 525 ἐν
429 485 644 538 ὑπερθέσει
673 487 819 540 ἀχνύω,
843 488 906 528 καὶ
937 488 957 527 6
981 488 1026 539 [a]
1048 487 1219 529 ἐνεστὼς
1245 487 1392 541 ἄχνυμι
1423 488 1486 529 καὶ
1508 487 1553 528 τὸ
1575 487 1796 538 παθητικὸν

262 553 436 606 ἄχνυμαι

436 622 555 675 μένος
578 625 764 675 σημαίνει
785 625 884 677 τρία,
907 624 975 665 τὸν
997 627 1134 677 θυμόν,
1157 625 1208 668 ὡς
1230 625 1296 666 ἐπὶ
1324 625 1474 676 τούτου,
1496 625 1568 676 τὴν
1595 624 1724 678 ἰσχύν,
1747 623 1798 666 ὦς

264 690 306 732 τὸ
331 694 351 711 “
366 695 467 733 δῶκε
487 691 606 744 μένος
629 694 693 734 καὶ
716 692 897 745 θάρσος”
921 692 1017 749 (Od.
1040 707 1074 734 Ι.
1099 692 1212 749 321),
1234 694 1306 745 τὴν
1326 693 1477 748 ψυχήν,
1500 694 1552 736 ὡς
1573 698 1617 734 τὸ
1641 697 1660 714 “
1678 692 1798 744 μένος

260 759 446 813 ”Αρηος”
469 760 541 815 (ΙΙ.
567 761 631 802 18.
656 760 758 817 264)

197 841 245 866 10
327 843 421 880 104.
455 829 533 871 ἀπὸ
562 833 630 871 τοῦ
659 830 806 883 λάμπω
838 828 1041 888 [ἐγέ]νετο
1076 836 1278 885 λαμπετῶ,
1312 831 1357 873 τὸ
1386 831 1589 884 οὐδέτερον
1620 834 1665 872 τὸ
1697 835 1798 882 λαμ-

265 903 407 947 πετῶν,
430 898 453 949 ἡ
476 899 613 952 γενικὴ
636 903 704 940 τοῦ
725 904 1021 951 λαμπετῶντος,
1043 901 1066 952 ἡ
1091 902 1225 952 δοτικὴ
1246 905 1513 954 λαμπετῶντι,
1537 899 1601 942 καὶ
1625 906 1800 942 πλεονα-

428 971 485 981 Λ-

268 969 354 1023 σμῷ
378 985 446 1008 του
467 987 487 1008 ο
506 971 526 988 “
544 966 824 1018 λαμπετόωντι
839 967 864 984 ”

328 1049 421 1078 112.
455 1035 613 1094 ἐπειδή]
638 1038 727 1078 ἐπεί
920 1051 1011 1089 114.
1044 1039 1088 1079 οὕ
1110 1037 1220 1096 ἑθεν]
1250 1040 1428 1090 οὐδαμῶς
1451 1038 1569 1090 αὐτῆς

331 1105 424 1146 118.
457 1104 582 1163 ὄφρα]
607 1106 651 1147 τὸ
671 1103 693 1149 ε
720 1106 842 1161 (καὶ)
870 1110 890 1147 ὃ
912 1111 987 1160 πρὸ
1011 1107 1155 1151 δασέος
1176 1112 1373 1161 ψιλοῦται

202 1186 249 1226 15
333 1187 425 1217 120.
458 1172 586 1232 ἄλλῃ]
610 1175 798 1230 α’λλαχοῦ
819 1176 908 1215 A:

331 1256 424 1286 121.
457 1242 676 1301 ποδάρκης]
701 1246 721 1285 6
743 1246 930 1298 ἐπαρκεῖν
960 1246 1081 1300 ἑαυτῷ
1104 1244 1319 1297 δυνάμενος
1341 1247 1406 1286 διὰ
1426 1248 1496 1297 τῆς
1517 1245 1705 1296 ὀξύτητος
1726 1248 1805 1286 τῶν

269 1317 404 1355 ποδῶν
427 1313 490 1353 καὶ
512 1314 761 1366 ἀποφεύγειν
783 1314 873 1356 τοὺς
895 1315 1114 1365 πολεμίους
1137 1318 1166 1353 Β
1181 1324 1214 1358 -ὶ-

332 1394 426 1436 123.
458 1380 699 1439 μεγάθυμοι]
724 1383 879 1435 ἐπαίρει
901 1382 991 1425 τοὺς
1007 1382 1218 1433 ’Έλληνας
1241 1385 1297 1426 εἷς
1320 1384 1461 1425 ἑαυτόν

334 1463 427 1500 124.
463 1450 654 1504 <ἵδμεν>]
694 1451 855 1502 οἴδαμεν
887 1450 936 1502 ἧν
967 1451 1182 1504 ἀφαιρέσει
1213 1456 1282 1493 τοῦ
1310 1452 1331 1493 6
1369 1451 1432 1494 καὶ
1469 1453 1650 1508 συγκοπῇ
1680 1455 1748 1492 τοῦ
1780 1458 1805 1491 ᾶ

204 1537 253 1561 20
272 1521 398 1570 ἴδμεν·
443 1520 463 1559 6
494 1519 675 1572 δεύτερος
707 1520 895 1571 ἀόριστος
930 1520 1091 1575 (ἴδον),
1124 1521 1169 1561 τὸ
1209 1525 1366 1574 πρῶτον
1407 1525 1486 1562 τῶν
1526 1523 1805 1572 πληθυντικῶν

936 1593 1039 1609 n..“
1200 1590 1209 1604 9

271 1590 418 1640 ἴδομεν,
443 1589 507 1629 καὶ
532 1588 629 1629 κατὰ
652 1589 861 1642 συγκοπὴν
885 1606 954 1630 τον
974 1608 994 1630 ο
1057 1591 1168 1642 ’ίδμεν
1189 1588 1197 1605 ’

335 1667 428 1709 125.
464 1655 735 1714 <δέδασται>]
763 1659 861 1699 δαίω
884 1658 929 1699 τὸ
959 1659 1091 1700 κόπτω
1121 1658 1184 1700 καὶ
1206 1662 1250 1699 τὸ
1270 1660 1426 1713 μερίζω,
1450 1660 1470 1699 6
1490 1658 1656 1710 μέλλων
1677 1658 1804 1700 ὃαίσω

276 1727 339 1766 καὶ
365 1726 412 1777 ἐξ
439 1727 557 1767 αὐτοῦ
589 1727 750 1768 δέδαικα
779 1728 842 1768 καὶ
871 1729 1060 1784 ἀποβολῇ
1089 1731 1157 1768 τοῦ
1178 1735 1194 1768 ῖ
1214 1727 1367 1776 δέδακα,
1391 1729 1411 1768 6
1443 1727 1660 1779 παθητικὸς
1681 1744 1806 1780 παρα-

276 1795 456 1846 κείμενος
478 1795 673 1847 δέδασμαι
696 1802 717 1818 “
736 1795 926 1837 δέδασται
939 1795 964 1811 ”

208 1877 255 1913 25
337 1876 431 1919 129.
465 1863 649 1907 λάπαθος
678 1864 834 1917 βοτάνη
874 1864 1105 1918 καθαρτική·
1139 1867 1202 1907 καὶ
1232 1866 1385 1919 γίνεται
1418 1864 1464 1917 ἐξ
1493 1865 1612 1907 αὐτοῦ
1641 1865 1808 1916 λαπάζω

818 1935 922 1949 Α-Ἱ

276 1933 341 1974 καὶ
365 1935 463 1974 κατὰ
485 1933 746 1985 πλεονασμὸν
767 1951 836 1974 του
857 1952 880 1974 α
904 1933 1097 1984 αλαπάζω

340 2015 432 2057 134.
469 1999 673 2059 <ἧσθαι>]
705 2005 813 2055 παρὰ
843 2002 887 2043 τὸ
915 2003 965 2043 ἕω
997 2003 1042 2044 τὸ
1070 2002 1294 2054 καθέζομαι·
1326 2003 1465 2044 τούτου
1493 2007 1537 2044 τὸ
1569 2000 1812 2056 παραγωγὸν

277 2071 368 2123 ἕημι
392 2070 455 2112 καὶ
477 2073 497 2112 ὁ
520 2075 736 2122 παθητικὸς
757 2071 869 2124 ἕεμαι
893 2073 957 2113 καὶ
979 2071 1119 2125 κράσει
1140 2072 1237 2124 ἧμαι
1260 2073 1323 2113 καὶ
1344 2073 1464 2124 ἧσται
1488 2073 1551 2113 καὶ
1574 2070 1769 2124 “ἧσθαι”

340 2141 432 2195 136.
465 2138 600 2197 ἔσται]
633 2142 768 2182 λείπει
801 2142 936 2183 καλόν·
968 2139 991 2192 ἢ
1024 2142 1130 2184 ὅπως
1161 2142 1253 2182 ἴσον
1283 2143 1328 2197 τῇ
1359 2143 1429 2198 ἐμῇ
1459 2140 1552 2197 ἀξίᾳ
1582 2141 1755 2195 γένηται·
1786 2137 1810 2191 ἢ

210 2224 259 2259 30
278 2208 363 2261 μεθ’
390 2210 631 2260 ὑποστολῆς,
655 2209 740 2250 εἶτα
762 2209 806 2250 τὸ
830 2213 851 2232 “
871 2209 1019 2251 ἔσται”

341 2290 434 2332 143.
467 2275 670 2336 ἐπίτηδες]
696 2279 926 2329 ἐπιτηδείως

342 2358 435 2396 144.
469 2345 768 2402 καλλιπάρηον]
796 2349 860 2387 διὰ
890 2351 958 2386 τοῦ
979 2355 1004 2397 ῆ
1028 2351 1215 2399 Δωρικῶς

345 2426 437 2466 147.
470 2413 770 2470 ἐκπαγλότατα]
799 2415 1010 2466 μεταθέσει
1039 2420 1107 2456 τοῦ
1134 2424 1157 2466 ῆ
1181 2418 1236 2459 εἷς
1257 2424 1294 2457 ᾶ·
1328 2419 1435 2470 παρὰ
1456 2419 1531 2470 γὰρ
1554 2421 1598 2458 τὸ
1621 2416 1809 2468 πλήσσω·

284 2485 348 2525 ἐπὶ
369 2485 441 2535 μὲν
462 2487 639 2536 ψυχικοῦ
667 2483 816 2526 πάθους
848 2486 913 2524 διὰ
934 2487 1002 2524 τοῦ
1023 2492 1060 2531 ᾶ,
1085 2484 1149 2526 ἐπὶ
1175 2487 1218 2526 δὲ
1240 2489 1308 2526 τοῦ
1331 2491 1556 2537 σωματικοῦ
1578 2486 1815 2540 πλήγματος

213 2562 262 2602 35
284 2555 348 2595 διὰ
369 2556 438 2593 τοῦ
459 2557 500 2603 ἡ·
536 2551 718 2605 ἐπλάγην
739 2554 814 2605 γὰρ
837 2552 899 2592 καὶ
924 2552 1151 2607 ἐξεπλάγην
1174 2556 1238 2595 ἐπὶ
1261 2557 1328 2606 τῆς
1350 2558 1486 2608 ψυχῆς

346 2631 438 2676 150.
470 2622 622 2673 ὑπόδρα
644 2619 756 2677 ἰδών]
781 2621 912 2663 δεινὸν
928 2622 1274 2675 ὑποβλεψάμενος
1296 2627 1380 2665 A=

471 2687 641 2747 ὑπόδρα]
672 2691 878 2743 ἐπίρρημα.
919 2692 1074 2744 γίνεται
1106 2693 1149 2733 δὲ
1177 2693 1313 2746 ὥσπερ
1336 2693 1414 2734 ἀπὸ
1445 2696 1513 2734 τοῦ
1537 2692 1667 2746 ἠρεμῶ
1690 2693 1816 2746 ἠρέμα

328 2881 359 2914 6.
383 2882 534 2922 sequitur
557 2882 658 2913 schol.
682 2892 745 2913 rec.
766 2882 881 2913 eadem
898 2882 938 2913 de
954 2893 1001 2919 re,
1020 2886 1055 2914 ab
1074 2883 1140 2915 fere
1161 2884 1344 2915 evanidum
1369 2888 1381 2923 ΙΙ
1411 2890 1438 2925 7.
1463 2895 1562 2926 flupra
1578 2883 1662 2925 μέγα
1678 2896 1709 2915 v.
1731 2884 1809 2926 103]

284 2926 443 2966 seriptum
460 2925 540 2965 μὲνη
564 2929 577 2963 11
603 2935 652 2957 20.
674 2924 781 2964 οἶδμεν
796 2926 813 2955 ὁ
831 2926 855 2956 δ.
878 2929 890 2963 Η
912 2932 960 2965 27.
979 2925 1018 2956 ἔω
1040 2930 1051 2963 Η
1075 2930 1123 2959 28.
1141 2926 1211 2967 ἔημι
1236 2933 1248 2967 Η
1274 2927 1361 2966 ἔεμαι
1381 2931 1394 2967 Η
1415 2938 1464 2969 29.
1481 2929 1524 2960 ad
1543 2936 1603 2969 135
1624 2932 1662 2959 ut
1679 2928 1813 2960 videtur

285 2969 386 3001 schol.
405 2973 497 3000 extat
513 2970 548 3000 in
571 2970 721 3010 margine
739 2969 918 3000 evanidum
