1939 3227
277 101 361 140 554

337 226 430 263 141.

336 291 428 333 152.

336 351 428 392 162.

332 432 426 470 204.

228 501 249 538 5
331 496 426 539 217.

331 565 426 609 255.

329 696 423 736 260.

329 765 423 805 262.

815 103 1040 141 ΙΛΙΑΔΟΣ
1073 104 1122 141 Φ.
1157 99 1270 155 (21)

464 213 619 266 Ἀξιός]
643 213 819 264 ποταμὸς
842 214 1038 256 Παιονίας
1173 214 1266 263 146.
1301 212 1589 266 δαϊκταμένων]
1611 214 1708 266 ὑπὲρ
1730 217 1808 254 τῶν

463 280 719 338 Πηλεγόνος]
748 286 835 322 τοῦ-
1002 291 1093 334 157.
1126 279 1283 338 Ἀξιοῦ]
1308 285 1486 333 ποταμοῦ

463 351 634 406 ἁμαρτῇ]
658 353 743 392 ταῖς
767 350 834 391 δύο
856 352 1000 404 χερσίν
1181 363 1273 404 194.
1309 348 1467 407 κρείων]
1494 351 1514 390 6
1535 350 1679 401 μείζων

460 419 736 473 ἐρεπτόμενοι]
761 421 1041 462 κατεσθίοντες
1221 432 1314 473 213.
1347 419 1518 472 βαθέης]
1543 420 1622 459 ἀπό

460 488 657 540 μέρμερα]
679 488 1001 540 μεμεριμνημένα
1180 489 1274 537 248.
1308 487 1418 540 θεός]
1442 487 1601 529 Ξάνθος

460 557 776 610 ὕπαιθα-τοῖο]
801 558 843 597 ἐκ
866 558 1041 609 πλαγίου
1063 560 1132 597 τοῦ
1155 558 1352 608 πολεμίου

460 624 666 682 λιασθείς]
689 628 906 680 χωρισθείς
929 627 1115 668 ἐκκλίνας
1136 639 1213 666 rec.

458 696 658 749 ψηφῖδες]
680 693 815 748 μικραὶ
835 694 999 737 λιθάδες

456 762 645 820 προαλεῖ]
672 767 907 816 Κατωφερεῖ·
941 765 1049 815 παρὰ
1066 763 1111 804 Τὸ
1130 763 1353 813 ἁλίζεσθαι,
1370 764 1392 803 ὅ
1410 765 1521 804 ἐστιν
1538 764 1806 816 ἀθροίζεσθαι,

201 850 246 874 10
268 834 373 874 ὥστε
396 835 607 885 σημαίνειν
624 832 669 873 τὸ
687 833 737 887 <“
755 833 1221 887 κατειβόμενον-χώρῳ
1245 831 1303 873 ἐνὶ
1325 832 1561 885 προαλεῖ”>
1584 834 1807 885 καταφερό-

266 918 388 952 μενον
410 903 465 944 εἶς
487 902 560 952 τὴν
580 903 654 955 γῆν
675 902 716 941 A
730 912 764 946 -Ι-

327 1048 422 1091 274-

326 1109 422 1150 282.

199 1191 245 1230 15
326 1178 421 1232 283.

323 1260 421 1301 3Ι4.

325 1329 421 1370 321.

325 1397 421 1438 329.

325 1455 420 1508 336-

456 968 626 1028 ἄγοντα]
651 971 720 1012 τὸν
741 972 1048 1024 ὑδραγωγοῦντα
1130 971 1224 1022 267.
1258 968 1481 1026 φοβέουσι]
1506 970 1693 1011 διώκουσι
1710 970 1801 1010 A:

457 1040 594 1081 ἔπειτα
616 1041 658 1080 δὲ
681 1040 747 1080 καί
768 1057 805 1080 τι
827 1039 1011 1092 πάθοιμι]
1035 1038 1123 1089 ἤτοι
1144 1056 1181 1079 τι
1205 1039 1309 1079 ἄλλο
1333 1042 1393 1079 δεῖ
1412 1057 1462 1090 με
1487 1042 1631 1079 παθεῖν

455 1108 668 1163 ἐρχθέντα]
692 1108 886 1161 πνιγέντα
907 1108 997 1147 A=
1182 1106 1416 1163 συφορβόν]
1441 1108 1717 1161 χοιροβόσκον

455 1175 641 1234 ἔναυλος]
666 1177 905 1231 χειμάρρους
921 1177 961 1216 Α
975 1187 1008 1221 -1-
1196 1175 1395 1231 ἀποέρσῃ]
1423 1175 1685 1232 <ἀπο>πνίξῃ

455 1247 625 1300 φιτρῶν]
650 1251 728 1287 τῶν
907 1259 1003 1299 319.
1036 1244 1224 1298 χέραδος]
1247 1246 1304 1285 τό·
1337 1243 1360 1295 ἢ
1385 1244 1628 1299 “χεράδος”
1650 1244 1738 1289 Α-ὶ-

456 1313 649 1371 ἀλλέξαι]
676 1318 943 1367 συναθροῖσαι
1119 1310 1234 1369 ἄσιν]
1264 1313 1354 1353 ἰλύν

455 1384 688 1436 ἀποέρσειε]
715 1382 1036 1437 <ἀπο>πνίξειεν
1058 1381 1147 1421 A:

455 1451 565 1508 κήαι]
612 1453 809 1494 καύσειεν.
872 1452 920 1503 ἦν
955 1453 1030 1505 γὰρ
1069 1450 1146 1505 <civ
1188 1451 1261 1505 τὸ)
1307 1453 1327 1470 “
1345 1452 1434 1502 κῆαι
1450 1450 1472 1464 ”
1518 1449 1808 1503 ἇπαρέμφατον

197 1543 246 1567 20
266 1521 578 1575 περισπωμένως
595 1522 635 1561 A
649 1543 673 1552 w

323 1592 419 1647 338.

324 1661 421 1715 346-

324 1807 421 1853 359·

197 1889 214 1912 2
224 1886 244 1923 5
325 1870 420 1922 363.

323 1935 419 1989 364.

323 2000 419 2054 366.

325 2067 421 2120 367.

325 2132 420 2186 369.

196 2224 246 2259 30
325 2199 420 2252 382.

325 2272 420 2317 395-

323 2342 421 2379 421.

325 2402 423 2445 445·

324 2469 422 2512 457·

325 2530 422 2582 460.

325 2596 422 2646 462.

198 2556 246 2594 35

452 1589 523 1648 ἵει]
549 1591 799 1646 ἔμβαλ<λ>ε
820 1590 910 1630 A:
1094 1598 1191 1645 345.
1226 1586 1370 1646 σχέτο]
1396 1588 1596 1643 ἐπεσχέθη

454 1659 627 1713 νεοαρδέ’
651 1659 805 1715 ἀλῳήν]
832 1659 1096 1700 νεοπότιστον
1112 1662 1187 1712 γῆν
1363 1669 1459 1712 347.
1492 1658 1578 1711 μίν]
1602 1657 1662 1698 ἐπ’
1686 1657 1806 1698 αὐτόν

454 1731 497 1772 ὅς
519 1747 578 1772 τις
601 1726 753 1785 ἐθείρῃ]
779 1729 892 1771 ὅστις
915 1729 1004 1771 ἔθος
1028 1729 1114 1781 ἔχει
1136 1727 1331 1768 σκάπτειν

445 1799 509 1839 καὶ
532 1796 689 1854 αὐτίκα]
716 1797 779 1839 καὶ
802 1797 927 1839 πάλιν
1103 1798 1199 1851 36Ι.
1234 1793 1312 1852 φῆ]
1339 1796 1461 1837 οὕτως
1484 1795 1561 1847 ἔφη
1586 1796 1607 1834 6
1629 1795 1806 1846 ποταμός

454 1867 635 1920 σιάλοιο]
659 1868 679 1906 6
700 1867 845 1919 ἥμερος
866 1869 1002 1920 χοῖρος

454 1930 712 1988 ἀμβολάδην]
739 1932 987 1984 ἀναβάλλων
1009 1931 1097 1982 ἤτοι
1120 1929 1359 1983 ἀναβράζων
1380 1930 1469 1969 A—

454 1999 612 2051 ἔθελεν]
636 1999 804 2049 ἠδύνατο
827 1998 866 2037 Α
881 2008 914 2042 -1-
929 1998 1015 2037 B:
1199 1996 1321 2049 τεῖρε]
1346 1996 1556 2036 κατεπόνει

454 2061 725 2120 εΗφαίστοιο]
747 2067 817 2104 τοῦ
992 2063 1135 2116 βίηφι]
1159 2064 1305 2114 βιαίως

455 2131 574 2184 ἔχραε
598 2127 752 2186 κήδειν]
778 2133 966 2182 σφοδρῶς
989 2131 1177 2180 ἐπῆλθεν,
1200 2130 1305 2169 ὥστε
1329 2127 1463 2178 κήδειν

455 2198 559 2237 καλὰ
580 2192 744 2252 ῥέεθρα]
770 2194 869 2235 κατά
1046 2195 1141 2249 386.
1175 2191 1292 2250 ἄητο]
1319 2194 1475 2245 ὥρμητο

453 2259 595 2318 ἄητον]
619 2260 814 2314 μέγιστον
990 2273 1087 2315 397.
1121 2256 1353 2314 οὐτάμεναι]
1379 2257 1449 2309 ἐμέ

456 2324 666 2383 κυνάμυια]
691 2326 713 2377 ἡ
736 2326 957 2379 Ἀφροδίτη
1134 2325 1231 2378 436.
1266 2321 1414 2380 ἔοικεν]
1439 2322 1527 2374 ἤτοι
1549 2322 1689 2375 πρέπει

458 2393 683 2445 σημαίνων]
709 2393 773 2432 καὶ
796 2393 931 2445 ἄρχων
1104 2399 1202 2445 453.
1236 2389 1327 2442 σύν]
1352 2406 1418 2430 σοι

453 2456 650 2510 ὑποστάς]
673 2458 952 2510 ὑποσχόμενος

454 2523 627 2582 πρόχνυ]
653 2529 870 2567 παντελῶς.
914 2525 1066 2578 πρόγνυ
1088 2525 1135 2576 ἦν
1158 2525 1222 2565 καὶ
1245 2525 1369 2579 τροπῇ
1393 2527 1461 2564 τοῦ
1481 2530 1508 2575 ᾗῑ
1531 2525 1586 2566 εἷς
1604 2513 1635 2576 ἶ(
1657 2522 1743 2566 Α-ί-

455 2592 674 2645 μυθήσαιο]
708 2593 835 2634 εἴποις
1010 2600 1107 2643 479.
1143 2595 1241 2633 Διὸς
1263 2587 1514 2645 παράκοιτις]
1538 2587 1690 2641 ἡἽΙρα

313 2685 341 2715 3.
365 2674 408 2706 ad
424 2685 455 2705 v.
476 2674 531 2703 181
552 2669 704 2712 χολάδες]
723 2671 805 2702 haee
821 2671 927 2711 figura
943 2671 1164 2711 superscripta
1181 2674 1231 2701 est,

973 2715 993 2754 ἡ
1010 2713 1097 2753 χολή

969 2762 1110 2869 Α

898 2874 919 2914 ἢ
935 2874 1031 2915 ξανθή
1107 2874 1127 2913 ἢ
1144 2873 1279 2913 μέλαινα
1305 2879 1316 2913 ΙΙ

271 2933 322 2962 10,
352 2931 400 2953 11.
426 2920 659 2962 καταφέρεσθαι
695 2925 707 2959 ΙΙ
739 2929 791 2960 15.
815 2918 911 2958 πνίξει
939 2923 951 2958 ΙΙ
982 2928 1030 2959 19.
1053 2918 1109 2957 κῆε
1134 2923 1246 2950 textus
1273 2922 1284 2956 ΙΙ
1314 2916 1423 2949 κάεται
1451 2921 1526 2958 post
1550 2927 1641 2948 καυσ.
1667 2916 1762 2948 omisi
1789 2918 1802 2953 Η

273 2976 320 2997 21.
350 2966 498 3005 ¹mqwlevi
516 2977 553 2995 ex
574 2966 603 2994 A
