1939 3227
652 109 878 147 ΙΛιΑΔοΣ
913 110 958 148 A.
992 105 1006 161 (
1030 108 1049 146 1
1069 105 1082 161 )
1547 107 1628 146 491

93 227 171 266 τῶν
203 226 481 275 πληθυντικῶν
517 220 754 273 ἐφάνθησαν
790 221 854 262 καὶ
877 222 976 261 κατὰ
1017 221 1224 274 συγκοπὴν
1267 220 1330 261 καὶ
1372 220 1630 272 πλεονασμὸν

93 296 161 333 τοῦ
181 299 206 333 ci
230 291 294 333 καὶ
317 290 531 344 ἀφαιρέσει
552 293 622 330 τοῦ
643 296 661 330 ἓ
683 291 704 311 “
723 288 905 338 φάανθεν
922 288 942 305 ”

155 373 251 402 202.
288 356 569 415 <αἶγιόχοιο>]
599 358 672 409 τὴν
708 358 844 410 αἰγίδα
880 356 1114 399 ἀνατιθέασι
1149 358 1203 411 τῷ
1243 357 1310 398 Διὶ
1349 358 1412 398 καὶ
1447 359 1628 412 αἰγίοχος

95 432 275 470 καλεῖται
304 429 368 470 διὰ
400 428 444 469 rb
475 429 545 470 τὰς
574 427 805 480 καταιγίδας
836 426 917 468 ἄνω
940 425 1050 477 ἡμῶν
1071 426 1256 479 γίνεσθαι
1279 425 1342 466 καὶ
1363 428 1433 469 τὰς
1454 426 1629 479 βροντὰς

95 498 160 538 καὶ
195 497 285 540 τοὺς
318 496 540 549 κεραυνούς“
577 496 727 549 αἰγίδες
762 496 838 548 γὰρ
871 496 950 535 ἀπὸ
981 498 1050 535 τοῦ
1083 495 1244 535 ἀίσσειν
1269 494 1313 534 τὸ
1346 495 1471 545 ὄνομα
1503 495 1630 548 ἔσχον
1653 514 1674 552 5

94 564 287 621 (Cornu‘c.
309 564 448 605 Theol.
471 579 504 605 e.
533 578 556 618 9
579 578 617 617 p.
642 577 666 617 9
691 563 761 616 L.)

155 646 251 687 207.
283 638 328 675 rb
351 638 425 675 σὸν
445 631 580 689 μένος]
605 633 678 684 τὴν
700 633 777 684 σὴν
797 632 920 686 ὀργήν

156 704 252 746 208.
282 700 373 760 ἧκε]
404 703 563 755 ἔπεμψε
593 705 792 753 Δωρικῶς·
823 703 969 743 ἐκεῖνοι
999 704 1074 755 γὰρ
1106 702 1178 754 τὴν
1205 701 1297 756 (R)
1326 701 1552 754 δίφθογγον
1581 700 1632 743 ὡς

96 774 160 814 ἐπὶ
182 772 227 813 τὸ
249 775 446 813 πλεῖστον
465 775 489 822 ἦ
514 771 754 824 γράφουσιν,
777 771 827 813 ὡς
849 771 894 812 rb
916 773 1047 822 πλῆον
1068 774 1170 823 μῆον

155 853 247 895 213.
282 837 433 895 τόσσα]
460 838 547 890 ἤτοι
569 839 706 879 πολλά
1658 860 1704 884 ¹0

154 911 250 952 216.
287 906 444 965 <χρή>]
479 908 567 949 ἔστι
595 910 733 961 χρῆμι,
755 909 800 949 τὸ
833 910 1018 962 δεύτερον
1044 909 1155 966 χρῄς,
1182 909 1227 950 τὸ
1259 910 1392 961 τρίτον
1420 909 1547 962 χρησί
1570 909 1634 950 καὶ

95 981 193 1020 κατὰ
215 978 424 1029 ἀποκοπὴν
445 980 514 1029 τῆς
536 978 580 1020 σ-ι
602 978 815 1029 συλλαβῆς
836 978 914 1031 χρή

155 1060 250 1101 219.
285 1044 327 1103 ἧ]
363 1044 468 1103 [ἀντὶ
499 1051 566 1088 τοῦ
598 1047 690 1099 ἔφη,
719 1045 937 1100 γενόμενον
959 1046 1038 1088 ἀπὸ
1066 1050 1135 1087 τοῦ
1164 1047 1278 1097 φημί,
1303 1047 1368 1087 καὶ
1390 1048 1488 1087 κατὰ
1509 1047 1632 1099 ἀφαί-

94 1134 208 1169 ρεσιν
224 1108 340 1168 τοῦφ
355 1114 465 1173 ἦμί]·
499 1117 520 1157 ὁ
540 1115 704 1168 μέλλων
720 1114 820 1166 ἥσω,
839 1116 860 1156 ὁ
882 1116 1062 1168 δεύτερος
1086 1116 1272 1168 ἀόριστος
1294 1114 1354 1166 ἧν,
1368 1114 1413 1155 τὸ
1434 1116 1566 1168 τρίτον
1588 1115 1612 1167 ἦ

155 1198 252 1226 220.
285 1182 504 1242 ἀπίθησεν]
527 1185 606 1226 ἀπὸ
627 1187 696 1225 τοῦ
716 1184 820 1225 πίθω
843 1183 1001 1235 πιθήσω
1657 1200 1702 1237 15

156 1266 251 1309 223.
285 1252 459 1311 ἐξαῦτις]
484 1257 526 1296 ἐκ
549 1253 732 1307 δευτέρου
755 1256 837 1298 A÷

155 1324 251 1365 228.
284 1327 329 1364 rb
351 1324 394 1364 ἐν
409 1325 462 1378 τῷ
482 1322 644 1378 πολέμῳ
660 1320 684 1374 ἢ
701 1323 814 1377 λόχῳ
833 1323 1040 1375 εὑρεθῆναι
1058 1322 1226 1366 θάνατός
1246 1340 1312 1364 σοι
1330 1324 1515 1376 φαίνεται
1539 1325 1624 1364 A:

157 1404 250 1447 231.
282 1392 500 1446 βασιλεύς]
519 1392 570 1432 σύ
682 1389 789 1448 ἐπεί]
814 1392 875 1432 ὅτι

285 1461 511 1504 οὐτιδανούς
533 1466 637 1514 φησι
659 1460 749 1503 τοὺς
764 1459 973 1512 ’Έλληνας
995 1460 1068 1514 οὐχ
1091 1461 1142 1503 ὡς
1162 1461 1336 1513 ὑβρίζων
1357 1460 1509 1509 αὐτούς,
1524 1461 1633 1502 ἀλλὰ

96 1531 352 1583 παροτρύνων
375 1530 456 1571 κατ’
480 1530 599 1570 αὐτοῦ
1015 1542 1110 1584 232.
1142 1527 1346 1587 Ἀτρείδη]
1371 1528 1400 1570 ὦ
1656 1545 1704 1569 20

156 1591 252 1654 235.
285 1597 429 1655 τομήν]
452 1599 563 1652 ῥίζαν
585 1602 618 1639 Α
633 1608 667 1643 -Ι-
842 1599 936 1653 236.
969 1596 1008 1654 ἕ]
1032 1598 1126 1639 αὐτὸ
1148 1598 1192 1639 rb
1215 1601 1419 1651 σκῆπτρον

287 1665 459 1724 ἔλεψεν]
482 1666 506 1719 ἢ
530 1666 732 1718 ε’λέπισεν,
753 1668 776 1708 ὅ
797 1670 909 1709 ἐστιν
931 1668 1112 1721 ἔγλυψεν
1244 1677 1340 1722 237.
1373 1670 1414 1709 τὲ
1443 1665 1526 1725 καί]
1550 1667 1637 1719 ἤτοι

283 1734 372 1794 μίν]
396 1737 492 1778 αὐτό

158 1819 252 1862 239.
288 1804 544 1863 <εἶρύαται>]
580 1806 658 1860 ῥύω
689 1810 733 1847 τὸ
771 1805 972 1859 φυλάττω,
1006 1805 1070 1848 καὶ
1099 1806 1290 1849 Ἀττικῶς
1322 1806 1532 1848 ἐπενθέσει
1567 1809 1636 1847 τοῦ

97 1877 116 1918 ἑ
148 1877 258 1929 ἐρύω,
287 1876 339 1919 ὡς
370 1879 414 1916 τὸ
446 1876 551 1916 θέλω
581 1875 718 1917 ἐθέλω·
756 1877 849 1918 ὅθεν
882 1878 1012 1929 εἵρυον
1045 1877 1065 1916 ὁ
1098 1876 1363 1928 παρατατικὸς
1396 1877 1462 1917 διὰ
1493 1878 1562 1927 τῆς
1591 1871 1629 1917 εἶ
1658 1885 1704 1924 25

97 1946 321 1998 διφθόγγου
342 1944 439 1998 πρὸς
461 1945 771 1996 ἀντιδιαστολὴν
787 1948 855 1985 τοῦ
878 1945 981 1996 ἀρύω
1003 1944 1133 1997 ἤρυον·
1168 1945 1411 1995 κανονίζεται
1435 1947 1478 1986 δὲ
1495 1946 1633 1988 οὕτως·

98 2014 208 2065 ἐρύω,
230 2015 252 2054 ὁ
278 2013 439 2065 μέλλων
465 2014 605 2066 ε’ρύσω,
632 2014 652 2053 ὁ
684 2014 973 2066 παρακείμενος
1006 2016 1150 2066 εἵρυκα,
1177 2015 1197 2053 ὁ
1229 2016 1446 2065 παθητικὸς
1479 2014 1629 2066 εἵρυμοα.

97 2084 252 2136 εἵρυσαι
275 2083 422 2135 εἵρυται
444 2082 634 2136 εἶρύμεθα
657 2084 815 2135 εἵρυσθε
839 2083 1010 2134 εἵρυνται
1035 2082 1098 2123 καὶ
1119 2082 1306 2125 Ἰωνικῶς
1327 2087 1349 2104 “
1369 2082 1544 2135 εἰρύαται
1562 2082 1584 2097 ”

288 2149 328 2208 ὅ]
354 2152 465 2194 οὗτος
488 2155 571 2191 Α--·
701 2159 794 2203 245.
827 2149 955 2207 βάλε]
980 2153 1044 2192 διὰ
1066 2152 1138 2202 τὴν
1160 2150 1283 2205 ὀργήν
1306 2154 1391 2197 Α-ίν-

158 2233 252 2273 249.
284 2221 450 2273 τροπικὴ
472 2220 495 2271 ἡ
518 2219 638 2271 λέξις,
661 2222 701 2261 ἐκ
723 2223 953 2272 μεταφορᾶς
973 2223 1042 2260 τοῦ
1063 2222 1203 2262 ὕδατος
1655 2235 1704 2271 30

159 2299 254 2342 250.
285 2287 489 2345 μερόπων]
517 2293 596 2331 τῶν
627 2290 805 2342 ἐχόντων
835 2290 907 2340 τὴν
938 2289 1078 2341 φωνὴν
1107 2287 1410 2346 με[ρι]ζομένην
1446 2290 1502 2332 εἰς
1536 2294 1635 2330 συλ-

98 2357 245 2410 λαβάς,
267 2357 354 2409 ἤτοι
377 2358 577 2410 ἔναρθρον,
603 2359 666 2399 καὶ
688 2358 786 2411 πρὸς
808 2358 1020 2411 σύγκρισιν
1040 2362 1119 2400 τῶν
1141 2359 1280 2399 ἄλλων
1304 2357 1412 2413 ζῴων
1434 2360 1517 2402 Α-Ι-

159 2436 254 2480 251.
285 2425 456 2483 τράφεν]
477 2426 613 2469 Ἴωνες
635 2426 698 2468 καὶ
719 2428 1070 2479 ὑπερσυντελίκως

159 2505 252 2547 254.
285 2493 427 2552 πόποι]
452 2500 540 2548 φεῦ,
563 2497 694 2537 παπαί
716 2500 799 2536 Α-
909 2497 1001 2538 262.
1035 2494 1140 2553 ἴδον]
1163 2496 1342 2538 Ἰωνικὸν
1363 2498 1428 2539 καὶ
1451 2496 1634 2539 Ἀττικόν

160 2575 255 2616 271.
290 2562 372 2605 κατ’
397 2564 454 2616 ἔμ’
479 2562 616 2621 αὐτόν]
653 2567 750 2606 κατὰ
770 2565 843 2616 τὴν
865 2565 962 2617 ἐμὴν
984 2565 1149 2617 δύναμιν
1654 2578 1702 2617 35

161 2643 254 2687 273.
287 2637 331 2673 rb
354 2632 455 2683 θέμα
477 2632 595 2684 ξυνίω
618 2632 774 2684 ἐξόνιον
796 2635 860 2675 καὶ
883 2636 1062 2690 συστολῇ
1085 2639 1106 2656 “
1126 2633 1259 2685 ξύνιον
1275 2634 1298 2649 ”

160 2713 256 2753 274.
288 2699 430 2757 ὔμμες]
461 2703 651 2743 Αἰολικόν
675 2706 759 2742 A=

160 2771 254 2823 278.
284 2771 407 2822 μείρω
444 2770 488 2811 τὸ
524 2772 680 2823 μερίζω,
718 2773 738 2811 ὁ
774 2771 934 2823 μέλλων
973 2777 1090 2825 μερῶ,
1126 2774 1146 2813 ὁ
1182 2772 1307 2824 μέσος
1341 2773 1631 2824 παρακείμενος

98 2839 252 2893 μέμορα
275 2839 337 2881 καὶ
360 2839 444 2880 καθ’
466 2840 777 2892 ὑπερβιβασμὸν
798 2841 949 2894 ἔμμορα

142 2948 171 2979 8.
197 2946 256 2986 τὴν
272 2948 298 2977 H
315 2946 490 2987 δίφθογγον
507 2947 619 2988 scripsi
638 2959 643 2979 :
669 2947 710 2978 τὰ
727 2947 885 2989 δίφθογγα
911 2954 923 2988 Η
954 2958 1003 2988 13,
1025 2959 1071 2989 14.
1090 2961 1108 2980 a
1125 2949 1313 2990 bibliopega
1330 2953 1457 2980 resecta
1473 2950 1629 2990 supplevi

99 3002 136 3022 ex
156 2992 182 3022 L
208 2995 219 3027 Η
251 3001 298 3032 14.
323 2991 339 3021 ὁ
357 2990 459 3029 τρίτος
485 2995 495 3026 ΙΙ
522 3001 569 3032 25.
596 2990 652 3021 τὸν
670 2994 695 3023 θ.
723 2996 735 3030 ΙΙ
763 3001 811 3031 33.
838 2993 1102 3033 ὑπερσυντέλικος
1129 2996 1140 3030 [Ι
1169 2992 1218 3031 36,
1245 2993 1386 3024 debebat
1402 2991 1566 3033 ἀφαιρέσει
