1939 3246
590 546 1176 611 PRAEFATIO.

189 739 385 790 TRIBVS
409 741 548 790 annis
574 748 685 806 post
711 741 986 790 confectum
1002 741 1232 790 volumen
1254 741 1390 807 prius
1407 741 1658 790 emittenti

121 817 327 866 alterum
355 820 621 868 verendum
658 826 748 878 est,
774 838 835 868 ne
860 820 920 869 ob
946 820 1290 885 praetermissa
1314 820 1555 885 quaedam
1588 837 1659 867 re-

120 896 406 960 prehendar.

196 991 232 1022 1.
271 974 346 1022 Ac
388 975 600 1039 primum
641 975 838 1040 quidem
877 977 982 1023 iure
1021 975 1204 1024 indices
1252 976 1391 1024 omisi
1434 975 1660 1040 quamvis

119 1051 318 1101 invitus.
404 1052 604 1101 Etenim
651 1072 763 1101 cum
809 1058 967 1101 totam
1015 1053 1310 1101 scholiorum
1357 1054 1408 1101 in
1456 1053 1659 1101 Iliadem

121 1129 383 1178 editionem
410 1131 739 1179 Oxoniensem
772 1133 1024 1179 nominum
1060 1132 1354 1196 scriptorum
1380 1131 1661 1196 grammati-

119 1225 285 1255 carum
308 1226 472 1256 rerum
497 1209 740 1257 indicibus
769 1209 926 1274 plenis
964 1209 1307 1274 adcuratisque
1344 1227 1446 1257 esse
1482 1210 1554 1257 ita
1591 1209 1661 1256 in-

120 1286 491 1345 struendam,ut
510 1287 655 1335 simul
674 1288 942 1335 necessaria
963 1287 1122 1335 multa
1141 1288 1204 1336 ad
1221 1287 1472 1336 volumina
1492 1285 1659 1335 I—IV

120 1364 451 1429 suppleantur,
480 1372 726 1430 appareat,
754 1383 805 1413 re
830 1365 1013 1413 dudum
1054 1383 1304 1430 perpensa,
1333 1365 1564 1430 quoniam
1600 1383 1662 1413 ne

119 1442 196 1490 his
236 1461 321 1491 sex
362 1443 561 1508 quidem
602 1443 937 1492 voluminibus
975 1444 1281 1492 satisfactum
1330 1462 1433 1492 esse
1480 1443 1661 1492 litteris

120 1520 392 1569 Homericis
417 1522 499 1569 sed
526 1522 708 1586 requiri
734 1540 830 1586 quo
858 1540 984 1587 quae
1010 1521 1199 1570 minora·
1224 1521 1456 1570 dicuntur
1480 1521 1661 1569 scholia

121 1599 166 1646 D
203 1600 679 1664 comprehendantur
714 1600 980 1664 septimum
1019 1599 1258 1658 intellexi,
1286 1600 1472 1657 destiti,
1498 1617 1557 1648 ne
1592 1600 1662 1647 in-

122 1677 283 1726 dicum
318 1677 545 1727 fasciculo
577 1677 905 1726 excludantur
929 1697 1054 1743 quae
1080 1679 1255 1743 quanti
1291 1679 1352 1726 ad
1382 1696 1525 1726 usum
1551 1696 1661 1726 cum

106 1762 393 1822 'ceterorum
429 1757 647 1805 codicum
684 1764 793 1805 tum
830 1757 1008 1805 Veneti
1033 1757 1081 1805 A
1118 1757 1340 1805 facienda
1365 1763 1526 1804 essent
1555 1756 1660 1804 dixi

122 1852 212 1899 ego
235 1834 423 1899 primus
449 1835 581 1899 quod
606 1835 752 1883 sciam
781 1835 892 1900 (vol.
915 1835 959 1884 V
984 1854 1028 1900 p.
1051 1835 1158 1882 xxii
1183 1836 1321 1900 sqq).
1400 1835 1579 1882 Postea
1611 1842 1662 1883 et

121 1912 534 1961 Wilamowitzius
583 1914 748 1962 Herm.
800 1913 892 1962 vol.
938 1913 1091 1961 XXII
1135 1931 1180 1978 p.
1224 1919 1317 1975 635
1364 1931 1434 1978 sq.
1479 1918 1526 1961 et
1573 1931 1662 1976 ego

123 1991 271 2039 etiam
306 1991 358 2039 in
394 1991 627 2055 Hesychii
650 1991 839 2039 lexicon
876 1991 1052 2039 bonam
1091 1991 1378 2039 scholiorum
1418 1992 1661 2038 minorum

121 2076 311 2134 partem
331 2088 455 2134 quae
480 2070 541 2117 ad
565 2069 878 2133 explicandas
895 2087 1035 2117 voces
1062 2075 1252 2134 spectat
1271 2075 1660 2133 transsumptam

123 2148 476 2213 perspeximus,
515 2154 565 2196 et
601 2165 724 2195 novo
758 2165 916 2211 nuper
940 2147 1219 2195 testimonio
1255 2147 1307 2194 in
1342 2146 1661 2195 relationibus

122 2226 411 2274 Academiae
448 2226 731 2274 Borussicac
769 2225 882 2272 anni
932 2229 1054 2287 1887
1092 2243 1137 2289 p.
1177 2229 1272 2273 816
1313 2243 1417 2290 sqq.
1453 2224 1660 2290 vulgato

124 2322 312 2370 papyro
378 2304 590 2369 quodam
647 2304 905 2368 Aegyptio
965 2310 1193 2368 apertum
1253 2310 1330 2351 est
1388 2304 1485 2351 iam
1545 2310 1660 2352 ante

124 2382 372 2431 saeculum
409 2383 612 2430 tertium
638 2400 683 2446 p.
714 2381 825 2430 Chr.
858 2381 992 2429 illam
1029 2381 1269 2447 syllogam
1296 2382 1342 2429 D
1377 2382 1624 2430 exstitisse
1649 2401 1658 2430 :

123 2459 182 2507 de
209 2477 304 2522 quo
331 2458 547 2506 subsidio
572 2457 942 2505 WVilamowitzii
979 2457 1324 2505 commentatio
1350 2457 1537 2522 (Herm.
1568 2457 1657 2506 vol.

123 2536 306 2583 XXIII
354 2555 399 2601 p.
447 2536 692 2599 142—147)
736 2535 961 2582 adeunda
1002 2541 1088 2582 est.
1161 2534 1404 2583 Neutrum
1450 2553 1538 2599 ego
1575 2553 1660 2582 nec

125 2614 414 2663 scholiorum
462 2614 758 2662 ‘minorum'
810 2613 1074 2661 editionem
1124 2631 1222 2677 qua
1263 2631 1406 2677 aegre
1442 2631 1659 2660 caremus

126 2709 285 2756 neque
328 2693 508 2741 indices
548 2692 795 2740 conficiam
818 2711 829 2749 3
879 2691 979 2739 fore
1021 2698 1188 2739 tamen
1236 2709 1376 2756 spero
1417 2690 1500 2754 qui
1550 2709 1660 2738 con-

124 2769 302 2818 ficiant.

197 2865 236 2896 2.
275 2848 487 2896 Notulae
524 2866 657 2896 meae
694 2847 986 2913 marginales
1022 2846 1138 2911 quid
1177 2846 1270 2893 sibi
1309 2845 1477 2902 velint,
1510 2846 1604 2895 vol.
1635 2847 1657 2894 I

124 2945 170 2992 p.
199 2926 280 2975 xiv
308 2925 494 2974 dictum
527 2932 612 2975 est.
685 2926 794 2986 Qua
822 2926 871 2973 in
898 2944 947 2973 re
972 2944 1032 2973 ne
1059 2925 1246 2990 parcior
1270 2923 1450 2972 fuerim
1487 2924 1661 2973 timen-
