1939 3227
654 108 879 145 ΙΛΙΑΔΟΣ
913 107 959 144 A.
992 103 1006 160 (
1029 104 1080 158 1)
1544 103 1628 141 493

95 223 117 263 ὁ
143 220 381 273 δειλός-ἐξ
400 220 445 262 οὗ
469 221 533 261 καὶ
559 219 711 272 τρήρων
737 218 1105 270 παρωνύμως-καὶ
1133 218 1233 269 μετὰ
1260 219 1329 257 τοῦ
1352 217 1585 268 στερητικοῦ
1607 221 1631 254 ᾶ

97 292 265 345 ἆτρηρός
283 292 303 331 ὁ
321 289 530 344 δραστικὸς
547 287 611 329 καὶ
630 288 683 340 μὴ
702 287 848 335 δειλός,
871 287 936 327 καὶ
957 287 1166 341 μεταβολῇ
1189 289 1259 327 τοῦ
1279 284 1304 326 ἆ
1326 286 1382 328 εἷς
1403 292 1423 325 ὃ
1448 284 1612 337 ὀτρηρός

154 359 252 415 326.
286 360 351 400 ἐπὶ
372 361 497 411 μῦθον
518 356 701 412 ἔτελλεν]
724 353 973 408 προσέταξεν
996 355 1162 397 ἐκείνοις

156 429 253 483 338.
284 424 493 483 μάρτυροι]
522 426 707 467 Ἰωνικῶς

156 509 252 552 339.
285 497 384 549 πρός
404 494 466 551 τε]
492 495 731 547 ἔμπροσθεν·
765 494 786 533 ὁ
808 494 850 534 δὲ
873 493 1096 544 σύνδεσμος
1118 490 1306 544 παρέλκει
1329 489 1517 533 Ἀττικῶς
1655 512 1676 549 5

156 578 253 621 342.
286 562 390 621 θύει]
415 564 614 617 ἐνθουσιᾷ,
636 562 810 614 μέμηνεν

155 642 253 689 345.
288 634 409 686 φίλος
443 634 517 684 μὲν
548 633 568 672 ὁ
607 631 795 685 συγγενή,
830 631 984 683 ἑταῖρος
1020 630 1062 671 δὲ
1093 629 1114 670 ὁ
1154 629 1419 681 συμπολίτης,
1452 629 1559 680 παρὰ
1590 626 1635 668 τὸ

98 704 188 756 ἔτης
209 703 229 743 ὁ
253 703 421 753 πολίτης
444 703 508 743 καὶ
530 705 574 742 τὸ
596 701 677 754 ἄρω
699 700 744 741 τὸ
766 700 922 752 ἁρμόζω

157 782 254 827 347.
288 770 361 828 τώ]
386 773 423 812 οἱ
446 769 610 823 κήρυκες
788 780 884 823 349.
917 764 1047 824 ἄφαρ]
1077 765 1232 821 ταχέως

156 850 254 896 351.
288 840 474 893 ὀρέγνυμι
497 839 561 880 καὶ
582 838 605 889 ἡ
627 838 779 892 μετοχὴ
803 840 823 859 “
840 837 1004 890 ὀρεγνύς
1021 835 1040 850 ”
1662 855 1709 879 10

156 918 253 964 553.
289 905 545 963 ἐγγυαλίξαι]
569 911 613 947 τὸ
637 908 692 949 εἰς
715 908 762 946 τὰ
783 905 876 959 γυῖα
897 904 984 956 ἤτοι
1007 906 1064 947 εἷς
1086 904 1155 946 τὰς
1175 907 1315 958 χεῖρας
1336 903 1483 947 τιθέναι

158 979 254 1033 358.
288 978 442 1030 Νηρεὺς
473 976 496 1027 ἡ
527 975 720 1016 θάλασσα
751 975 915 1028 λέγεται
948 974 1026 1014 ἀπὸ
1056 977 1124 1014 τοῦ
1147 976 1306 1015 νεῖσθαι
1333 973 1381 1014 δι’
1406 974 1536 1024 αὐτῆς·
1570 991 1639 1014 κα-

97 1051 219 1089 λοῦσι
241 1048 283 1088 δὲ
304 1047 373 1087 τὸν
390 1045 528 1097 Νηρέα
546 1045 611 1085 καὶ
629 1043 764 1084 ίἅλιον
781 1042 961 1096 γέροντα’
981 1044 1047 1082 διὰ
1068 1046 1113 1082 τὸ
1136 1042 1273 1094 ὥσπερ
1290 1043 1439 1083 πολιὰν
1457 1044 1641 1083 ἐπανθεῖν

98 1120 181 1159 τοῖς
213 1116 359 1167 κύμασι
389 1113 458 1156 τὸν
489 1113 632 1166 ἀφρόν·
667 1113 730 1153 καὶ
762 1114 838 1165 γὰρ
870 1112 892 1162 ἡ
924 1111 1127 1152 Λευκόθεα
1163 1108 1342 1152 τοιοῦτόν
1377 1128 1414 1151 τι
1451 1112 1640 1163 ἐμφαίνει

99 1182 293 1241 (Cornut.
316 1182 455 1223 Theol.
483 1196 516 1222 e.
547 1195 598 1236 23
631 1196 670 1234 p.
700 1193 757 1231 44
780 1178 860 1235 L.).
902 1178 926 1231 ἢ
965 1180 1028 1220 καὶ
1065 1180 1126 1221 ὅτι
1162 1178 1206 1219 τὸ
1239 1180 1342 1231 ὕδωρ
1378 1183 1535 1232 πρῶτον
1564 1183 1642 1221 τῶν
1664 1196 1710 1232 15

100 1256 240 1295 ἄλλων
262 1253 489 1307 στοιχείων,
511 1251 563 1294 ὡς
586 1249 779 1301 ἐδόξασεν
801 1250 821 1289 ὁ
844 1252 987 1300 Θαλῆς

158 1332 256 1377 359.
290 1317 570 1377 καρπαλίμως]
609 1322 651 1362 ἐν
692 1317 847 1371 κινήσει
889 1320 1082 1371 κεφαλῆς,
1121 1318 1200 1358 ἀπὸ
1236 1320 1304 1358 τοῦ
1340 1316 1438 1370 κάρα
1476 1318 1539 1359 καὶ
1573 1321 1643 1358 τοῦ

102 1391 246 1433 πάλλω
268 1391 313 1432 τὸ
340 1394 432 1433 κινῶ

160 1462 257 1515 361.
290 1457 501 1516 ὀνόμαζεν]
524 1458 728 1513 Ἀχιλλέα
750 1457 950 1500 ἐκάλεσεν

159 1530 256 1585 363.
290 1526 464 1585 εἴδομεν]
487 1532 654 1582 γνῶμεν·
685 1527 870 1570 Ἰωνικῶς
1667 1541 1715 1565 20

160 1600 256 1654 366.
292 1600 312 1639 ὁ
343 1599 489 1651 τρόπος
525 1598 588 1638 καὶ
625 1597 802 1650 ὑπεροχὴ
842 1597 905 1637 καὶ
942 1596 1183 1651 συνεκδοχή·
1215 1598 1393 1652 ὑπεροχὴ
1427 1595 1512 1649 μέν,
1545 1595 1643 1637 καθὸ

102 1669 174 1720 τὴν
192 1667 341 1720 Θήβην
355 1668 481 1719 μόνην
503 1665 678 1718 ἐξέλαβε
700 1666 771 1716 τὴν
791 1666 990 1719 μεγίστην
1011 1667 1143 1717 πόλιν,
1162 1667 1386 1720 συνεκδοχὴ
1412 1665 1528 1720 <δέ>,
1545 1663 1641 1706 καθό

104 1739 167 1779 καὶ
189 1739 259 1780 τὰς
281 1737 412 1779 ἄλλας
435 1733 687 1786 συνεδέξατο,
703 1734 775 1786 τὴν
795 1737 962 1786 Χρῦσαν
979 1734 1044 1775 καὶ
1066 1734 1138 1785 τὴν
1159 1738 1313 1787 Βρῖσαν
1334 1734 1398 1776 καὶ
1418 1737 1489 1778 τὰς
1510 1735 1643 1778 ἄλλας

291 1809 395 1858 τρεῖς
431 1804 475 1845 δέ
508 1806 588 1845 εἰσι
624 1806 777 1855 Θῆβαι,
806 1805 1002 1855 Καδμεῖαι
1034 1805 1075 1844 αἱ
1105 1805 1329 1855 Βοιωτικαί,
1359 1806 1400 1845 αἱ
1429 1805 1644 1857 Αἰγύπτιαι

104 1875 143 1915 αἲ
159 1874 222 1916 καὶ
237 1874 507 1925 ἑκατόμπυλοι
525 1874 589 1914 καὶ
606 1874 645 1913 αἱ
661 1872 948 1921 (Ύποπλάκιαι,
958 1872 1003 1912 τὸ
1017 1873 1240 1925 λεγόμενον
1255 1871 1540 1925 Ἀδραμύττιον
1552 1876 1585 1913 Α
1599 1885 1636 1920 -Ι-
1668 1887 1715 1922 25

163 1939 397 1998 Ἠετίωνος]
422 1945 490 1982 τοῦ
511 1945 659 1993 πατρὸς
681 1943 749 1991 τῆς
769 1939 1047 1994 Ἀνδρομάχης
1069 1943 1138 1992 τῆς
1158 1945 1345 1995 γυναικὸς
1366 1946 1436 1982 τοῦ
1451 1941 1646 1995 (Έκτορος

163 2013 259 2066 369.
293 2013 334 2052 ἐκ
357 2010 392 2051 δ’
415 2007 529 2066 ἕλον]
555 2010 606 2052 ὡς
629 2009 835 2061 ἐξαίρετόν
855 2027 892 2050 τι
916 2010 1067 2051 ἔδωκαν

164 2083 260 2135 385.
295 2076 472 2136 ἑκάτοιο]
498 2078 758 2121 Ἀπόλλωνος
951 2078 1047 2133 388.
1081 2078 1101 2118 ὃ
1124 2076 1191 2135 δή]
1216 2079 1340 2128 ὅστις,
1365 2081 1563 2123 Αἷολικῶς

163 2150 260 2204 389.
293 2145 384 2205 τήν]
408 2149 480 2199 τὴν
500 2148 709 2200 Χρυσηίδα
892 2160 988 2202 390.
1022 2145 1180 2204 ἄνακτι]
1205 2147 1257 2203 τῷ
1279 2146 1516 2190 Ἀπόλλωνι

163 2230 259 2272 393.
291 2213 508 2272 περίσχεο]
534 2217 744 2269 περίσχου,
767 2216 988 2268 φρόντισον
1013 2218 1097 2256 A=
1669 2232 1718 2267 30

295 2286 464 2340 <ἐῆος>]
497 2285 576 2326 ἀπὸ
607 2289 676 2325 τοῦ
707 2285 757 2326 ἕω
789 2283 964 2337 ῥήματος
995 2288 1064 2326 τοῦ
1101 2286 1364 2336 σημαίνοντος
1400 2287 1444 2327 τὸ
1480 2287 1646 2342 ὑπάρχω

105 2357 231 2407 ὄνομα
265 2355 482 2408 ῥηματικὸν
512 2355 824 2405 ἐΰς-’σημαίνει
855 2356 898 2395 δὲ
929 2354 998 2396 τὸν
1029 2355 1294 2407 ἀγαθόν-ὡς
1323 2355 1404 2406 ἥδω
1441 2355 1545 2407 ἡδύς,
1586 2358 1649 2399 καὶ

106 2425 231 2479 τροπῇ
254 2427 322 2464 τοῦ
345 2431 363 2464 ἓ
387 2425 442 2466 εἰς
464 2426 486 2474 ἡ
509 2423 577 2474 ἠύς
599 2423 691 2474 ἠέος
714 2424 777 2464 καὶ
801 2425 842 2465 ἐν
862 2422 1078 2476 ὑπερθέσει
1100 2427 1170 2464 τοῦ
1191 2425 1210 2464 ἑ
1232 2425 1323 2475 ἐῆος

165 2503 260 2547 397.
293 2490 378 2548 ὅτε]
401 2492 520 2543 ἡνίκα
697 2492 793 2541 406.
828 2492 995 2546 ἔδησαν]
1020 2493 1100 2533 Δία

164 2563 262 2612 408.
297 2559 355 2617 αἵ]
383 2562 564 2614 Δωρικόν
738 2574 837 2614 409.
873 2562 1012 2615 ἔλσαι]
1041 2561 1276 2610 συνελάσαι,
1300 2567 1542 2616 συγκλεῖσαι
1671 2573 1719 2612 35

164 2644 260 2681 414.
293 2627 404 2685 αἷνά]
429 2631 546 2672 αἰνῶς
721 2639 818 2682 425.
852 2628 1073 2686 δωδεκάτῃ]
1097 2630 1225 2685 ἡμέρᾳ

164 2700 262 2749 426.
296 2697 376 2755 τοί]
401 2698 447 2749 δή
567 2696 640 2755 δῶ]
666 2699 849 2756 ἀποκοπῇ
969 2713 1066 2755 433.
1101 2697 1229 2756 ἱστία]
1254 2702 1323 2742 τὰς
1347 2698 1573 2758 [ὀθ]όνα[ς]

165 2777 264 2821 435.
297 2765 439 2823 ὅρμον]
463 2767 608 2819 λιμένα
783 2768 880 2822 436.
916 2766 1049 2825 εὐνάς]
1074 2768 1144 2810 τὰς
1162 2768 1333 2821 ἀγκύρας

166 2850 262 2889 449.
296 2834 538 2893 οὐλοχύτας]
574 2838 699 2887 ὄνομα
731 2838 914 2888 θηλυκόν·
950 2838 1067 2878 οὐλαὶ
1100 2839 1140 2878 αἱ
1173 2838 1318 2890 κριθαί,
1340 2837 1445 2890 παρὰ
1468 2842 1512 2879 τό
1540 2840 1649 2889 ὅλον,

108 2907 159 2949 ὡς
182 2910 279 2958 πρὸς
301 2905 372 2948 τᾶς
396 2906 680 2957 ἀληλεσμένας
703 2909 772 2946 ΑΒ
788 2917 820 2952 ÷
1673 2929 1722 2962 40

153 2995 182 3027 7.
207 2997 250 3017 an
267 2985 420 3039 avngOqs?
447 2989 458 3023 ΙΙ
490 2994 537 3039 14.
562 2984 705 3036 ἐμφαίνει
720 2997 771 3017 2-—
790 2990 802 3023 Η
832 2995 882 3025 23.
906 2987 1042 3027 βρῦσαν,
1061 2987 1101 3018 cf.
1122 2987 1345 3018 XVilamowitz
1362 2987 1451 3019 Phil.
1472 2988 1555 3020 Unt.
1575 2989 1646 3021 VII

110 3038 167 3070 411
199 3033 210 3066 Η
239 3039 289 3068 3²-
317 3041 365 3060 ευῑ
384 3034 455 3070 post.
472 3030 545 3068 ἡδυς
562 3040 655 3059 onnsl
