1939 3227
120 222 214 263 216.

121 301 215 344 219.

119 370 214 401 221.

120 439 217 483 223.

120 508 214 547 224.

118 577 212 617 249.

119 643 213 687 251.

598 106 824 146 ΙΛΙΑΔΟΣ
856 107 903 144 A.
935 102 1057 160 (11)
1510 102 1593 141 529

248 218 438 278 ἀρτύνθη]
462 218 770 274 παρεσκευάσθη
893 217 986 259 218.
1021 213 1186 272 ἔσπετε]
1210 217 1342 258 εἵπετε

249 292 292 334 ὅς
309 308 368 334 τις
390 287 456 348 δή]
480 291 539 332 τίς
560 288 607 340 δή

245 355 547 415 Ἀντηνορίδης]
572 358 592 398 ὁ
613 356 698 399 υἱὸς
719 359 788 397 τοῦ
810 354 1048 408 Ἀντήνορος

249 425 425 485 Κισσῆς]
451 429 471 468 ὁ
492 441 571 468 rec.

245 494 529 552 μητροπάτωρ]
552 494 749 548 μητρόθεν
770 492 934 536 πάππος
957 493 1076 533 αὐτοῦ
1097 492 1188 531 A:
1616 500 1637 539 5

245 562 544 620 πρεσβυγενής]
567 564 796 618 γεραίτερος
817 564 893 616 γὰρ
915 562 1027 604 οὗτος
1054 561 1103 612 ἦν

249 631 387 690 εὐράξ]
427 632 608 686 πλευράξ
642 638 770 685 φησιν
802 631 861 683 ἤν,
892 630 979 682 ἤτοι
1017 631 1059 671 ἐκ
1091 630 1278 683 πλαγίου,
1312 626 1597 680 ἀμφοτέρωθεν

57 705 136 743 τῶν
158 706 353 755 πλευρῶν·
386 700 602 755 ἀφαιρέσει
623 705 721 755 γοῦν
743 704 810 742 τοῦ
832 700 861 742 ἶτ
884 699 947 741 καὶ
968 706 995 740 λ
1019 698 1177 753 ἐγένετο
1201 705 1226 721 “
1246 696 1399 750 εὐράξ”
1426 696 1516 737 Α-

118 782 213 825 297.

116 852 213 894 324.

115 917 213 964 350.

117 986 213 1033 353·

115 1054 209 1099 354·

114 1122 211 1167 374·

115 1191 213 1236 377-

117 1319 215 1375 387.

116 1401 218 1447 393·

117 1535 214 1581 395·

115 1608 216 1650 413.

115 1672 214 1717 415.

116 1743 216 1786 417.

115 1813 215 1857 423.

116 1884 215 1927 430·

117 2077 217 2133 438·

116 2156 214 2202 453·

122 2225 221 2269 477·

245 768 429 827 ὑπεραέι]
454 770 680 826 ἐμπνεούσῃ
859 779 955 824 307.
988 766 1127 824 τρόφι]
1152 768 1350 821 τρόφιμον

249 837 478 896 κυδοίμεον]
499 839 817 892 ἐθορύβουνΑψ
914 851 1010 892 349.
1035 834 1186 893 προΐει]
1207 836 1305 877 κατὰ
1324 838 1392 876 τοῦ
1404 833 1597 886 “Εκτορος
1621 847 1668 872 10

249 906 550 964 τιτυσκόμενος]
575 908 970 962 καταστοχαζόμενος
991 906 1083 945 A:

248 978 482 1032 τρίπτυχος]
505 980 610 1029 τρεῖς
633 977 786 1031 πτύχας
808 977 963 1030 ἔχουσα

245 1041 489 1100 ἀπέλεθρον]
514 1043 674 1094 πολλὴν
694 1046 771 1096 γῆν
915 1042 1012 1096 360.
1046 1038 1239 1096 ἐξέλασε]
1266 1039 1480 1092 ἐξέδραμεν

249 1109 404 1168 αἴνυτο]
430 1114 623 1167 ἀφῃρεῖτο
645 1111 736 1151 A=

249 1184 397 1233 ταρσὸν
409 1178 601 1236 -ποδός]
625 1179 669 1220 τὸ
692 1179 824 1220 πλατὺ
845 1182 913 1219 τοῦ
936 1179 1058 1221 ποδός
1079 1178 1169 1217 A:
1623 1187 1668 1224 15

247 1251 312 1291 διὰ
333 1249 366 1290 δ’
391 1246 583 1305 ἀμπερές]
609 1249 781 1290 διελθών

243 1318 415 1372 ταρφέες
438 1315 513 1375 ἰοί]
537 1318 689 1367 πυκνοί,
712 1320 896 1371 συνεχεῖς
917 1331 995 1358 ree.

252 1390 320 1428 τοῦ
343 1385 405 1444 δέ]
431 1387 582 1437 τούτου,
600 1386 644 1427 οὗ
665 1390 710 1427 τὸ
731 1385 858 1438 βέλος
878 1403 953 1438 μου
976 1385 1126 1442 ἐπαύρῃ
1149 1398 1228 1426 ree.

248 1454 518 1512 ἆμφίδρυφοι]
546 1454 753 1508 ἐξεσμένοι
781 1453 1067 1508 ἀμφοτέρωθεν

248 1523 405 1582 οἰωνοί]
430 1527 547 1578 ὄρνεα
722 1537 820 1575 410.
852 1523 877 1575 ἤ
900 1524 962 1578 τε]
987 1524 1058 1565 κᾶν
1080 1541 1123 1565 τε
1621 1537 1669 1561 20

248 1591 396 1651 ἔλσαν]
422 1594 692 1636 συνέκλεισαν
713 1593 1028 1636 συνεκέκλεισαν
1044 1592 1084 1632 A
1097 1602 1131 1637 -Ι-

250 1661 462 1720 ξυλόχοιο]
487 1662 686 1714 ξυλώδους
834 1661 932 1712 416.
963 1658 1190 1718 γναπτῇσι]
1216 1660 1459 1711 ἐπικαμπέσι
1483 1660 1572 1700 A:

251 1730 375 1790 ἀμφί]
400 1733 520 1774 αὐτόν
696 1729 867 1787 κόμπος]
893 1731 1038 1774 κτύπος

250 1802 334 1842 καθ’
353 1803 487 1843 ἵππων
511 1798 697 1858 ἀίξαντα]
723 1802 765 1842 ἐκ
788 1804 867 1842 τῶν
888 1801 1022 1841 ἵππων
1047 1798 1387 1851 καταπηδήσαντα

248 1868 460 1927 πολύαινε]
485 1871 688 1925 μυθολόγε
711 1871 775 1911 καὶ
796 1869 953 1923 φλυαρέ
974 1870 1062 1913 Α-Ι-
1623 1883 1669 1919 25

247 1937 336 1996 ἆτε]
361 1941 554 1993 ἀκόρεστε
729 1952 829 1994 431.
863 1936 1068 1995 ἐπεύξεαι]
1095 1937 1278 1994 καυχήσῃ

250 2006 540 2066 Ἱππασίδῃσι]
565 2011 648 2052 τοῖς
669 2008 812 2050 παισὶν
833 2007 1034 2049 Ἱππάσου

251 2076 414 2135 ἔγκασι]
440 2077 708 2132 ἐ<γ>κάτοισι

248 2145 559 2204 καθαιρήσουσι]
585 2147 919 2200 κατακαλύψουσι
1038 2155 1135 2198 457.
1168 2143 1308 2202 χροός]
1334 2148 1403 2186 τοῦ
1429 2146 1529 2187 ἰδίου

254 2217 400 2273 ὀρώρῃ]
427 2216 547 2272 ἰσχύῃ
571 2218 726 2267 κινῆται
742 2215 832 2255 Α-
1015 2217 1113 2266 480.
1145 2213 1232 2270 λῖν]
1255 2216 1400 2256 λέοντα
1620 2233 1670 2269 3ο

249 2288 329 2327 ἔδει
368 2288 443 2337 μὲν
484 2284 658 2339 γράφειν
700 2283 1013 2337 περισπωμένως
1046 2285 1090 2325 τὸ
1129 2289 1152 2306 “
1167 2283 1269 2334 λῖν,”
1309 2284 1360 2326 ὡς
1400 2287 1472 2335 μῦς
1512 2287 1599 2335 μῦν,

60 2353 318 2409 Ἀριστάρχῳ
342 2355 384 2395 δὲ
407 2355 575 2404 ἐπείσθη
598 2353 621 2405 ἡ
646 2353 867 2406 παράδοσις
889 2352 1070 2404 ὀξύνοντι
1091 2352 1181 2398 A÷

116 2424 214 2476 484.

117 2505 216 2547 493·

119 2569 218 2616 495·

119 2641 217 2681 500.

120 2708 216 2750 522.

121 2776 217 2821 525·

120 2844 217 2890 535·

249 2425 389 2475 νηλεὲς
412 2420 534 2479 ἦμαρ]
559 2423 628 2464 τὸν
650 2422 822 2465 θάνατον

249 2489 513 2548 ὀπαζόμενος]
540 2492 811 2545 ἐπειγόμενος,
836 2491 905 2544 ἀφ’
929 2491 974 2533 οὗ
997 2491 1273 2544 πληρούμενος
1289 2491 1377 2535 Α-ἱ-

251 2558 502 2616 ἀφυσγετόν]
528 2561 740 2613 συρφετόν,
765 2561 1014 2614 ἀκαθαρσίαν
1036 2574 1113 2602 rec.
1135 2560 1224 2607 A—†-
1619 2578 1668 2613 35

250 2627 352 2685 βοή]
377 2628 530 2683 ταραχή
1192 2623 1194 2625 ’

243 2697 409 2750 ’Έκτορι
432 2695 699 2755 παρβεβαώς]
723 2697 899 2753 ἡνιοχῶν
921 2699 1027 2752 παρὰ
1050 2699 1102 2753 τῷ
1120 2697 1286 2750 ’Έκτορι

251 2763 409 2822 ἐπιμίξ]
435 2766 742 2821 ἀναμεμιγμένοι
765 2767 855 2807 Α--
1015 2777 1113 2821 532.
1147 2766 1314 2822 λιγυρῇ]
1336 2767 1380 2817 τῇ
1405 2765 1598 2821 ὀξυφώνῳ

251 2833 508 2891 πεπάλακτο]
533 2835 755 2888 ἐβέβρεκτο
933 2837 1029 2890 536.
1064 2835 1244 2888 ὁπλέων]
1268 2835 1423 2888 ὀνύχων
1443 2835 1534 2874 A=

107 2932 136 2963 5.
161 2922 319 2963 μητρόθεν
336 2923 399 2954 W:
426 2921 542 2963 μητρὸς
558 2922 575 2953 ὁ
606 2927 618 2960 Η
657 2921 703 2954 16.
731 2922 769 2954 δι’
786 2923 865 2954 ὅλου
881 2925 913 2955 Α
931 2935 990 2964 pro
1007 2921 1138 2953 διελθὼν
1165 2926 1176 2959 ΙΙ
1205 2921 1254 2953 26.
1279 2921 1330 2952 ἅτ’
1367 2925 1378 2958 ΙΙ
1418 2930 1468 2960 30.
1492 2922 1599 2962 ἰσχύει

63 2966 195 2998 κινεῖται
233 2970 244 3005 ΙΙ
280 2975 330 3007 39.
356 2965 534 3005 ἔβέβρυκτο

122 3021 214 3051 VOL.
237 3023 292 3050 VI.
786 3022 816 3049 M
840 3024 881 3049 m
