1939 3227
260 119 343 158 518
812 124 1038 163 ιΛΙΑΔοΣ
1072 126 1122 165 H.
1157 122 1209 180 (7
1228 122 1243 180 )

321 244 414 272 100.
446 230 556 289 αὖθι]
579 233 717 274 αὐτόθι
907 233 1082 292 ἀκήριοι]
1107 236 1262 289 ἄψυχοι

445 300 609 344 ἀκλεέες
630 301 689 353 ἧν,
713 302 777 343 καὶ
803 303 956 360 ἐκβολῇ
978 307 1047 344 τοῦ
1068 306 1089 345 ἒ
1117 304 1277 357 ἐγένετο
1309 304 1529 348 (ίάκλεές“”
1562 303 1586 357 ἢ
1617 305 1786 357 ἀκλεεῖς,

258 370 321 410 καὶ
342 370 495 426 ἐκβολῇ
518 373 586 411 τοῦ
607 371 623 411 ἶ
646 375 667 392 “
683 371 824 414 ἀκλεές
837 372 860 386 ”

320 437 413 478 108.
446 438 644 492 δεξιτερῆς
665 440 733 482 ἕλε
754 439 908 497 χειρός]
933 443 988 484 εἷς
1010 441 1162 484 πλάτος
1185 441 1327 493 ὡμίλει

215 515 236 553 5
323 507 413 549 128.
446 506 609 565 γενεήν]
633 509 805 561 πατέρας
982 507 1117 566 τόκον]
1143 513 1286 553 παῖδας

322 590 414 631 133.
448 575 690 634 Κελάδοντι]
713 576 736 628 ἢ
760 580 825 618 διὰ
846 578 915 619 τὸν
937 578 1038 632 ἦχον
1060 582 1129 619 τοῦ
1149 579 1341 632 ῥεύματος
1362 579 1414 619 ad
1435 594 1503 633 pra
1519 578 1613 620 add.
1640 594 1715 620 see.

320 646 413 700 138.
449 644 745 703 <κορυνήτην>]
791 647 931 703 κορύνῃ
967 647 1056 697 ἤτοι
1091 647 1230 702 ῥάβδῳ
1267 649 1508 702 μαχόμενον.
1562 649 1703 701 κορύνη
1747 648 1792 690 δέ

257 717 345 756 ἐστι
365 715 545 768 ῥόπαλον
568 714 805 767 ἀμυντήριον
828 715 1094 768 ἑτερορρεπές,
1111 715 1158 766 ἐξ
1177 716 1265 759 ἑνὸς
1285 716 1428 770 μέρους
1452 717 1584 771 ῥοπὴν
1609 717 1704 771 ἔχον
1727 718 1792 758 καὶ

256 783 384 836 βάρος

191 866 241 893 10
321 853 415 906 156.
446 852 609 906 λέγεται
630 851 857 906 (ίπαρήορος
872 851 893 866 ”
918 854 981 894 καὶ
1007 853 1085 908 <ὁ>
1112 853 1429 908 παρεζευγμένος
1451 853 1562 898 ἐκτὸς
1584 858 1653 895 τοῦ
1676 856 1791 908 ζυγοῦ

257 923 378 965 ἵππος
401 921 465 963 καὶ
487 923 507 961 ὁ
530 922 671 975 ἄφρων
692 925 774 966 A÷

320 991 415 1031 168.
446 987 794 1047 Ἀνδραιμονίδης]
817 990 900 1033 υἱὸς
923 989 1207 1044 Ἀνδραίμονος

319 1068 412 1111 171.
445 1057 676 1116 διαμπερές]
701 1059 881 1112 ἀντικρὺς
904 1060 967 1101 καὶ
989 1064 1173 1113 φανερῶς

320 1139 413 1182 197.
444 1126 592 1185 δίηται]
618 1127 857 1181 ἐκφοβήσει,
880 1128 1014 1180 διώξει

192 1211 238 1250 15
318 1198 414 1239 206.
448 1195 615 1253 νώροπι]
641 1199 683 1238 ἐκ
709 1198 777 1239 τοῦ
800 1199 847 1250 ν-η
871 1199 1101 1251 στερητικοῦ
1123 1198 1262 1251 μορίου
1295 1198 1356 1238 καὶ
1378 1199 1448 1239 τοῦ
1473 1200 1549 1251 ὁρῶ
1572 1199 1616 1239 τὸ
1637 1198 1792 1250 βλέπω,

258 1267 445 1317 δηλονότι
466 1270 517 1321 τῷ
541 1266 877 1322 περιλάμπ<ρ>ῳ,
900 1268 952 1322 τῷ
976 1268 1045 1307 τοῦ
1069 1267 1164 1319 ὁρᾶν
1187 1267 1441 1320 στερίσκοντι

318 1336 413 1377 216.
445 1333 675 1391 πάτασσεν]
701 1337 743 1376 ἐν
763 1337 908 1390 παλμῷ
934 1335 995 1376 καὶ
1018 1334 1173 1385 κινήσει
1195 1334 1243 1386 ἦν

319 1416 413 1446 221.
446 1401 543 1460 ὕλῃ]
569 1403 789 1460 συνδένδρῳ
968 1405 1062 1445 226.
1095 1405 1228 1445 οἰόθεν
1249 1401 1351 1460 οἶος]
1374 1404 1494 1456 μόνος
1522 1408 1620 1457 πρὸς
1640 1404 1765 1457 μόνον

319 1482 415 1528 235.
447 1471 646 1529 ἀφαυροῦ]
677 1474 869 1516 ἀσθενοῦς

191 1559 241 1584 20
319 1554 414 1593 241.
447 1540 610 1598 σταδίῃ]
634 1542 722 1593 ἤτοι
743 1544 788 1598 τῇ
816 1541 1020 1593 συστάδην
1041 1541 1152 1596 μάχῃ

319 1620 414 1663 254.
447 1608 632 1667 ἐκλίνθη]
657 1610 835 1662 ἐξέκλινε
856 1611 954 1664 πρὸς
976 1612 1117 1653 ἑαυτόν
1294 1608 1484 1667 ἀλεύατο]
1509 1610 1706 1664 ἐξέφυγεν

319 1681 413 1723 262.
446 1678 616 1736 τμήδην]
640 1684 836 1732 τμητικῶς

318 1751 414 1804 298.
450 1746 665 1805 <ἀγῶνα>]
689 1749 759 1791 τὸν
780 1749 876 1791 ναὸν
898 1750 1098 1800 δηλονότι·
1125 1748 1286 1802 λέγεται
1310 1749 1351 1789 δὲ
1373 1749 1436 1789 καὶ
1459 1749 1525 1789 ἐπὶ
1546 1749 1681 1797 τόπου,
1705 1748 1749 1789 οὗ
1771 1749 1792 1788 ὁ

259 1819 367 1872 ἁγών
390 1822 420 1858 Β
438 1839 462 1849 κ

192 1896 240 1937 25
318 1897 415 1942 315.
448 1885 619 1944 ἄρσενα]
643 1889 708 1928 διὰ
729 1887 773 1928 τὸ
796 1888 964 1928 δυνατόν

448 1953 736 2013 πενταέτηρον]
759 1956 824 1997 διὰ
846 1960 890 1996 τὸ
913 1955 1138 2009 παχύτερον

318 2038 416 2080 330.
448 2023 557 2081 ὀξύς]
582 2025 646 2066 διὰ
668 2024 710 2065 τδ
736 2025 800 2066 διὰ
821 2027 913 2076 μιᾶς
935 2025 1036 2077 ὥρας
1059 2024 1237 2066 πολλοὺς
1260 2022 1492 2077 σφαγιάσαι

317 2095 414 2149 336.
449 2095 552 2146 ἀμφὶ
573 2091 718 2149 πυρήν]
744 2093 822 2134 ἀπὸ
843 2095 912 2144 τῆς
934 2096 1060 2145 πυρᾶς
1235 2089 1323 2148 ἕνα]
1348 2092 1432 2132 καθ’
1457 2092 1528 2133 ἕνα

319 2172 413 2218 353.
447 2163 607 2215 ὤφελεν
624 2164 751 2204 εἰπεῖν
768 2169 779 2185 ‘
795 2163 865 2204 ἐὰν
885 2162 938 2214 μὴ
960 2161 1133 2214 ῥέζωμεν
1148 2159 1156 2174 ’
1177 2161 1242 2202 καὶ
1264 2161 1377 2202 εἶπεν
1397 2165 1405 2182 ‘
1422 2161 1488 2202 ἵνα
1507 2159 1560 2212 μὴ
1582 2159 1791 2214 ῥέξωμεν·’

193 2245 242 2282 30
262 2233 390 2284 ἔλαβε
412 2234 455 2273 δὲ
478 2231 703 2284 σύνδεσμον
724 2231 811 2273 ἀντὶ
834 2230 1059 2282 συνδέσμου

318 2302 414 2356 366.
448 2297 894 2355 θεόφιν-ἀτάλαντος]
918 2302 1001 2342 τοῖς
1023 2301 1129 2340 θεοῖς
1151 2299 1241 2340 ἴσος

317 2370 414 2425 380.
445 2366 679 2424 τελέεσσιν]
703 2371 786 2410 τοῖς
807 2367 1008 2420 τάγμασιν

317 2450 416 2493 390.
448 2434 518 2493 ὡς]
543 2439 564 2457 “
579 2435 657 2478 ὅς.”
691 2437 725 2489 ξ.
747 2436 862 2476 τοῦτο
887 2433 972 2476 καθ’
995 2433 1113 2476 αὑτὸν
1135 2433 1296 2484 νοητέον
1321 2435 1447 2475 εἰπεῖν
1469 2433 1537 2475 τὸν
1558 2433 1705 2476 Ἰδαῖον

317 2507 415 2558 416.
448 2502 634 2561 ἀπέειπε]
659 2503 793 2554 ἐξεῖπε
967 2504 1066 2553 418.
1097 2501 1218 2559 ὕλην]
1241 2502 1329 2554 ἤτοι
1351 2502 1607 2556 ξυλαγωγίαν

194 2586 242 2626 35
317 2587 415 2630 433.
448 2572 527 2615 οὔτ’
550 2573 598 2626 ἄρ
616 2570 696 2629 πω]
723 2572 876 2614 οὐδέπω

317 2654 416 2697 447.
449 2639 603 2699 ἐνίψει]
628 2642 767 2694 κυρίως
787 2643 861 2693 μὲν
883 2639 1111 2692 ἐπιπλήξει,
1135 2641 1204 2681 νῦν
1226 2640 1268 2680 δὲ
1292 2638 1381 2682 ἀντὶ
1403 2640 1471 2681 τοῦ
1495 2641 1577 2692 ἐρεῖ
1596 2638 1706 2690 λέξει

318 2714 416 2768 463.
449 2708 740 2766 ἀμαλδύνηται]
764 2710 1004 2762 ἀφανίζηται
1177 2707 1275 2760 478.
1309 2705 1432 2765 σφίν]
1456 2711 1539 2751 τοῖς
1554 2706 1763 2759 οἘλλησιυ

545 2847 592 2878 16.
620 2846 670 2877 καὶ
687 2850 766 2878 ante
782 2858 813 2878 π,
830 2844 937 2877 delevi
965 2848 976 2883 ΙΙ
1006 2854 1054 2877 20.
1078 2843 1159 2874 κατὰ
1175 2847 1253 2876 ante
1270 2853 1362 2875 συστ.
1381 2843 1444 2875 del.
1463 2843 1507 2873 W
