1939 3227
652 122 879 160 ΙΛΙΑΔΟΣ
914 122 959 159 Ε.
992 119 1078 175 (5)
1548 113 1630 152 511

161 236 254 277 186.
281 234 505 293 εἰλυμένος]
530 233 824 286 κεκαλυμμένος
1010 234 1105 284 187.
1133 229 1367 285 κιχήμενον]
1390 228 1634 280 κατειληφός

161 318 254 357 192.
289 305 498 359 ἐπιβαίην]
523 305 600 357 ἐγώ
782 310 876 355 195.
909 299 1150 356 πέπτανται]
1174 300 1384 351 ἥπλωνται

160 374 254 428 196.
288 372 453 431 ὀλύρας]
479 375 582 416 εἶδος
604 373 818 426 κριθώὸους
840 375 992 423 καρποῦ

160 455 255 484 200.
287 444 472 498 ἀρχεύειν
513 441 719 495 Τρώεσσι]
761 440 849 491 ἤτοι
888 443 967 480 τῶν
1009 438 1178 479 Ζέλειαν
1214 438 1337 478 πόλιν
1376 436 1525 488 Τροίας
1577 434 1635 475 οἷ-

100 512 275 554 κούντων
296 513 336 552 A
350 522 384 557 -4-
571 510 776 565 άρχεύειν]
798 509 987 563 ἡγεῖσθαι
1009 521 1087 548 ree.

160 593 255 635 203.
289 582 441 633 ἀνδρῶν
464 577 700 636 εἰλομένων]
723 580 872 632 Τρώων
894 576 1218 631 συγκλειομένων

160 650 255 691 208.
288 647 450 706 ἤγειρα]
473 649 639 702 ἠρέθισα
818 660 914 690 210.
947 644 1021 703 τῷ]
1047 647 1184 700 ἐκείνῳ

162 719 256 761 218.
287 718 377 770 μηδ’
402 720 523 761 οὕτως
545 715 728 774 ἀγόρευε]
753 721 942 769 μηδαμῶς
965 717 1066 757 οὕτω
1087 714 1185 769 λέγε
1207 714 1298 754 A=

161 799 257 838 224.
290 785 477 844 πόλινδε]
503 789 559 829 εἰς
584 787 656 838 τήν
673 788 764 826 A:

162 858 258 898 226.
291 853 557 913 σιγαλόεντα]
581 859 630 897 τὰ
653 855 872 909 κατέχοντα
892 855 982 897 τοὺς
1004 856 1149 896 ἵππους
1182 851 1245 894 καὶ
1278 854 1520 903 ἐμποιοῦντα
1551 850 1641 892 τού-

102 943 185 968 τοις
209 926 330 980 σιγὴν
353 927 416 966 καὶ
439 926 606 978 ἠρεμίαν
785 925 878 966 228.
911 921 1045 980 τόνδε]
1070 927 1138 963 τὸν
1162 922 1370 974 Διομήδην

162 1007 257 1049 233.
288 992 536 1051 ματήσετον]
563 995 734 1044 ματαίαν
757 994 885 1048 ἔχωσι
908 993 980 1044 τὴν
1002 993 1222 1045 προθυμίαν

162 1076 259 1118 234.
291 1061 403 1119 τεόν]
428 1068 497 1105 τὸν
521 1064 596 1104 σόν

163 1145 258 1183 240.
293 1130 549 1188 ἐμμεμαῶτα]
574 1131 901 1185 προθυμούμενον
921 1130 1012 1170 A=
1197 1128 1314 1186 ἕχον]
1337 1128 1514 1180 ἤλαυνον
1536 1128 1626 1168 A:

163 1202 258 1254 258.
282 1201 369 1256 εἴγ’
390 1201 460 1243 οὖν
478 1202 611 1255 ἕτερός
632 1219 680 1255 γε
703 1198 902 1257 φύγῃσιν]
923 1201 956 1241 εἰ
978 1198 1025 1251 δή
1047 1216 1107 1243 τις
1125 1199 1254 1240 αὐτῶν
1268 1198 1456 1255 διαφύγῃ,
1476 1202 1555 1240 τῶν
1576 1197 1645 1239 δύο

104 1285 182 1313 ree.
204 1271 292 1316 A÷

165 1342 262 1391 264.
294 1340 377 1392 μετ’
403 1338 656 1396 ἐυκνημῖδας]
683 1340 780 1392 πρὸς
802 1339 894 1381 τούς
915 1339 1006 1378 A:

165 1409 261 1463 265.
294 1412 362 1461 τῆς
383 1409 459 1463 γάρ
482 1427 542 1451 τοι
564 1407 725 1466 γενεῆς]
751 1409 856 1450 εἰσὶν
879 1409 916 1448 οἱ
939 1410 1056 1449 ἵπποι
1230 1404 1359 1464 Τρωί]
1383 1408 1437 1462 τῷ

166 1479 262 1520 266.
295 1477 457 1535 ποινήν]
483 1478 720 1528 ἆντέκτισιν,
743 1477 893 1530 δωρεάν

168 1549 263 1600 267.
285 1548 348 1589 ὑπ’
364 1548 419 1599 ἠῶ
438 1548 473 1588 τ’
487 1548 625 1599 ἠέλιόν
638 1545 700 1604 τε]
717 1550 1043 1600 περιφραστικῶς
1056 1547 1131 1587 ὑπὸ
1145 1549 1189 1586 τὸ
1205 1550 1292 1599 φῶς
1305 1549 1373 1587 τοῦ
1389 1546 1541 1597 κόσμου
1553 1545 1641 1585 A:

167 1628 263 1669 270.
295 1614 487 1673 γενέθλη]
511 1617 630 1670 γέννα
651 1631 729 1657 rec.
752 1617 842 1656 A:
942 1626 1039 1668 271.
1072 1613 1285 1672 ἀτίταλλε]
1312 1615 1530 1668 ἀνέτρεφεν
1550 1615 1642 1654 A:

168 1686 264 1739 276.
297 1684 385 1743 τόν]
411 1687 479 1728 τὸν
502 1685 710 1737 Διομήδην

295 1755 499 1798 Λυκάονος
523 1755 674 1809 ἀγλαὸς
696 1752 801 1811 υἱός]
827 1756 848 1795 ὁ
870 1754 1082 1807 Πάνδαρος

168 1825 264 1877 287.
286 1824 486 1877 ἤμβροτες
501 1823 580 1865 οὐδ’
597 1822 757 1880 ἔτυχες]
777 1825 1095 1877 ἀντιφραστικῶς
1111 1822 1307 1876 ἆπέτυχες
1403 1820 1535 1880 σφῶι]
1551 1824 1651 1875 ὑμᾶς

169 1893 265 1947 289.
290 1891 407 1950 ἆσαι]
427 1894 589 1945 κορέσαι
604 1898 816 1945 πληρῶσαι
830 1906 907 1934 rec.
931 1893 1024 1933 Α-

304 1960 563 2019 ταλαύρινον]
580 1963 874 2014 ὑπομονητικόν
894 1962 934 2001 A
948 1973 982 2008 4-

170 2044 266 2086 291.
301 2032 483 2082 ζητεῖται,
508 2035 588 2073 πῶς
619 2030 844 2081 Διομήδους
875 2031 948 2082 μὲν
970 2031 1254 2073 ἀκοντίσαντος
1280 2030 1414 2080 πεζοῦ,
1438 2030 1652 2085 Πανδάρου

111 2102 154 2143 δὲ
172 2101 250 2142 ἀπὸ
266 2100 450 2153 ἅρματος,
474 2101 597 2142 οὕτως
620 2101 661 2140 ἐκ
685 2103 753 2139 τοῦ
777 2099 1007 2151 κοιλοτέρου
1023 2101 1247 2152 φερόμενον
1264 2099 1308 2139 τὸ
1330 2100 1423 2152 δόρυ
1442 2102 1651 2154 κατωφερῆ

112 2171 306 2220 πεποίηκε
338 2170 409 2220 τὴν
431 2173 592 2221 τρῶσιν·
628 2169 715 2208 ἔστι
744 2169 786 2209 δὲ
817 2168 966 2221 λέγειν,
990 2169 1051 2209 ὅτι
1083 2172 1241 2221 πρῶτον
1271 2170 1344 2219 μὲν
1370 2169 1578 2222 (Ἀθηνᾶ)
1605 2169 1653 2221 ἦν

112 2236 135 2287 ἡ
160 2235 454 2277 κατευθύνουσα
477 2235 585 2284 αὐτό,
607 2233 629 2290 ᾗ
653 2234 700 2284 ἣν
722 2234 890 2275 δυνατὸν
913 2237 1028 2275 τοῦτο
1051 2237 1229 2284 ποιῆσαι,
1254 2234 1379 2275 ἔπειθ’
1404 2235 1463 2275 ὅτι
1487 2252 1652 2288 προεπι-

114 2305 258 2348 νεύσας
296 2306 316 2345 ὁ
350 2303 559 2356 Πάνδαρος
592 2304 708 2344 ἕνεκα
749 2307 817 2343 τοῦ
859 2302 1099 2353 θεάσασθαι,
1131 2305 1165 2344 εἰ
1208 2304 1366 2355 καιρίως
1405 2306 1594 2357 τέτρωται
1633 2306 1654 2345 ὁ

116 2373 330 2424 Διομήδης,
355 2375 477 2415 οὕτως
500 2372 656 2424 ἐβλήθη
690 2374 755 2413 διὰ
786 2374 854 2422 τῆς
884 2373 992 2425 ῥινὸς
1024 2373 1097 2424 τὴν
1118 2376 1327 2425 γλῶσσαν·
1360 2373 1397 2413 οἳ
1430 2373 1485 2422 δέ,
1518 2375 1578 2414 ὅτι
1611 2376 1655 2415 ἐν

116 2442 340 2494 ἀνωμάλοις
361 2443 500 2484 Τόποις
530 2440 764 2494 μαχομένων
787 2441 890 2483 εἰκὸς
916 2441 965 2482 τὰ
992 2444 1066 2492 μὲν
1088 2441 1243 2494 ἅρματα
1265 2443 1308 2482 ἐν
1328 2442 1655 2496 χθαμαλωτέροις

116 2511 285 2564 τρέχειν,
314 2510 403 2552 τοὺς
436 2513 477 2551 δὲ
510 2510 652 2560 πεζοὺς
683 2510 762 2551 ἀπὸ
793 2511 990 2562 μετεώρου
1021 2510 1225 2564 μάχεσθαι
1257 2510 1347 2550 A:
1397 2512 1431 2565 ξ.
1466 2512 1579 2562 ἔτεμε
1611 2512 1654 2552 δὲ

116 2581 189 2631 τὴν
211 2583 410 2631 γλῶσσαν
432 2579 562 2627 αὐτοῦ,
587 2581 647 2619 ὅτι
671 2579 894 2629 ἐπιώρκησε
919 2580 982 2620 καὶ
1005 2580 1064 2620 ὅτι
1089 2578 1139 2620 δι’
1157 2580 1275 2629 αὐτῆς
1298 2580 1566 2633 ἐμεγαλαύχει

179 2649 273 2702 296.
308 2646 416 2704 αὖθι]
442 2647 506 2689 ἐπὶ
529 2648 597 2688 τὸν
620 2647 738 2689 αὐτὸν
759 2649 884 2688 τόπον
1063 2648 1158 2702 298.
1192 2645 1249 2704 οἱ]
1274 2650 1393 2688 αὑτοῦ
1411 2649 1497 2692 Α-Ι-

179 2727 273 2767 299.
307 2711 418 2770 ἇλκί]
445 2714 522 2754 ἀπὸ
545 2714 664 2766 ὀρθῆς
686 2715 753 2763 Τῆς
775 2713 866 2765 ἄλξ,
889 2714 940 2757 ὡς
965 2715 1147 2768 <πλακί>
1174 2715 1253 2755 ἀπὸ
1275 2717 1345 2765 τῆς
1367 2713 1480 2765 πλάξ

177 2796 273 2838 302.
306 2783 524 2837 χερμάδιον
544 2782 652 2834 λάβε
676 2780 802 2840 χειρί]
825 2786 1078 2837 χειροπληθῆ
1100 2784 1217 2824 λίθον
1240 2797 1318 2823 rec.

179 2854 277 2907 308.
310 2850 391 2892 ὦσε
413 2851 444 2892 δ’
469 2849 567 2907 ἀπό]
591 2851 768 2904 ἀπέσυρε
943 2849 1071 2908 ῥινόν]
1097 2852 1140 2892 τὸ
1163 2851 1287 2904 δέρμα
1309 2852 1398 2891 A:

168 2941 217 2963 12.
243 2932 342 2970 ἔχωσι
362 2932 410 2962 D:
435 2930 519 2970 ἔχων
546 2934 557 2967 Η
589 2940 634 2971 15.
652 2931 690 2969 δὴ
708 2933 738 2962 A
753 2941 759 2960 :
775 2931 818 2970 μὴ
844 2935 856 2970 ΙΙ
886 2941 934 2962 21.
958 2931 1130 2971 ἀνέτρεφεν
1149 2931 1199 2962 D:
1218 2929 1413 2970 ἀντέτρεψεν
1433 2936 1444 2969 Η
1470 2942 1517 2973 29.
1536 2931 1653 2972 τρῶσιν

120 2977 206 3008 AD:
226 2975 346 3005 πτῶσιν
365 2979 376 3011 Η
396 2975 545 3015 supplevi
562 2986 599 3005 ex
618 2975 684 3005 AD
704 2978 715 3012 ΙΙ
736 2984 846 3015 30‚31.
866 2974 1109 3015 προσεπινεὺσας
1127 2979 1164 3006 ut
1176 2975 1242 3006 AD
1261 2978 1273 3012 ΙΙ
1294 2984 1344 3015 31.
1361 2974 1485 3016 καιρίως
1500 2977 1585 3009 AD:
1601 2976 1652 3007 καὶ

121 3019 166 3058 μὴ
193 3024 204 3057 Η
231 3027 280 3060 37.
300 3019 449 3060 supplevi
467 3030 506 3050 ex
525 3019 555 3049 D
581 3023 592 3056 Η
621 3028 670 3059 39.
694 3018 830 3059 ἀπέσυρε
850 3020 901 3051 D:
928 3018 1061 3058 ὑπέσυρε

1660 514 1682 552 5

1667 860 1714 885 10

1669 1211 1715 1249 15

1670 1565 1719 1590 20

1674 1908 1720 1946 25

1674 2259 1724 2296 30

1674 2601 1722 2638 35
