1939 3227
281 132 367 170 498
837 134 1061 171 ιΛιΑΔοΣ
1095 136 1137 171 Β.
1170 132 1254 187 (2)

345 252 438 297 175.
481 248 639 296 κληῗδες
685 246 726 285 αἱ
778 245 965 298 καθέδραι
1006 247 1113 297 παρὰ
1154 250 1199 285 τὸ
1242 246 1391 298 ε’γκλᾶν
1432 244 1496 285 καὶ
1538 244 1731 296 κάμπτειν
1766 244 1814 286 τὰ

282 313 445 365 γόνατα,
467 312 554 363 ἤτοι
578 315 682 366 παρὰ
704 314 777 365 τὴν
799 314 946 356 κλάσιν
968 318 1045 355 τῶν
1066 313 1249 367 γονάτων

346 380 439 436 183.
467 381 732 439 ἀπὸ-βάλε]
767 383 995 424 ἀπεδύσατο

471 453 536 492 διὰ
566 452 611 492 τὸ
641 452 694 504 μὴ
729 453 1012 503 ἐμποδίζεσθαι
1043 451 1161 492 αὐτὸν
1193 451 1416 492 σπεύδοντα
1444 450 1520 492 ὑπὸ
1547 454 1616 491 τοῦ
1638 449 1817 501 πλήθους

241 530 263 567 5
283 523 362 561 τῶν
385 520 549 571 ἱματίων
570 520 607 560 Α
621 540 662 557 =

470 588 710 647 ἐκόμισσεν]
738 592 892 642 ἔλαβεν

345 670 439 712 190.
472 657 670 716 δαιμόνιε]
690 659 712 710 ἡ
731 659 842 710 λέξις
859 664 937 700 τῶν
957 659 1094 711 μέσων
1113 660 1213 709 ἐστί,
1231 660 1327 700 ποτὲ
1348 661 1421 710 μὲν
1435 660 1500 700 ἐπὶ
1524 659 1673 713 ἐπαίνῳ
1695 662 1815 710 λεγο-

282 725 393 777 μένη,
417 728 503 769 οἷον
532 731 614 769 θεῖε
640 728 808 781 μακάριε
836 728 1014 782 μέγιστε,
1038 729 1103 769 ὁτὲ
1132 729 1196 769 καὶ
1228 728 1293 769 ἐπὶ
1321 729 1453 783 ψόγῳ,
1483 730 1570 769 οἷον
1594 728 1720 780 ἄφιλε
1753 727 1817 768 καὶ

282 794 426 846 μάταιε
448 796 510 836 καὶ
531 797 713 850 χείριστε
736 796 799 837 καὶ
823 801 955 849 φαῦλε
977 797 1017 837 Α
1033 808 1067 842 -1-

216 875 265 901 10
348 877 439 918 199.
473 864 724 922 ἐλάσασκεν]
750 866 947 917 ἕπληττεν
968 866 1059 906 A:
1215 863 1521 922 ὁμοκλήσασκε]
1546 865 1704 916 ἠπείλει
1720 865 1808 910 Α-Ι-

343 946 439 975 211.
472 932 679 991 ἐρήτυθεν]
705 934 906 989 κατέσχον
1084 947 1178 978 212.
1212 933 1388 991 ἐκολῴα]
1414 935 1599 988 ἐθορύβει
1621 935 1710 973 A=

342 1014 435 1052 214.
471 999 570 1058 [ἀπὸ
593 1007 727 1044 κοινοῦ
747 1004 812 1061 τὸ]
837 1010 857 1027 “
873 1002 996 1060 ᾔδει”
1177 1013 1272 1056 215.
1305 1006 1344 1045 οἶ
1366 1002 1538 1060 εἴσαιτο]
1564 1004 1783 1057 ἐγίνωσκεν

342 1072 438 1113 216.
471 1070 655 1129 ἔμμεναι]
682 1074 811 1114 ἐδόκει
990 1086 1084 1126 219.
1117 1071 1270 1130 ψοξός]
1297 1072 1546 1126 ὀξυκέφαλος
1568 1073 1658 1112 A:

472 1139 624 1197 ψεδνή]
651 1142 769 1194 ἀραιὰ
790 1141 948 1194 μαδαρά
969 1142 1059 1181 A:

217 1221 263 1259 15
470 1210 577 1263 παρὰ
614 1211 658 1251 τὸ
690 1215 757 1263 ψῶ
790 1212 810 1250 ὁ
841 1211 1005 1263 μέλλων
1035 1210 1159 1264 ψήσω
1193 1213 1319 1262 ὄνομα
1347 1215 1591 1262 σημαντικὸν
1617 1210 1767 1263 ψεδνός
1800 1211 1821 1250 ὁ

281 1279 469 1331 μαδαρός·
503 1280 523 1318 ὁ
553 1282 595 1320 δὲ
620 1278 871 1331 “Ηρωδιανός
899 1282 1006 1333 παρὰ
1037 1280 1081 1321 τὸ
1109 1285 1177 1333 ψῶ
1202 1281 1246 1321 τὸ
1270 1282 1325 1322 εἷς
1349 1279 1569 1333 ἐλάχιστον
1595 1280 1660 1320 καὶ
1679 1278 1821 1331 μικρὸν

283 1348 326 1388 ἔκ
349 1364 454 1390 τινος
477 1348 617 1390 οὐσίας
641 1348 934 1400 καθιστάμενον

343 1418 438 1457 226.
475 1415 561 1472 [διὰ
582 1415 642 1473 τί]
668 1417 746 1458 ἀπὸ
768 1422 845 1460 τῶν
863 1415 1040 1474 [ἄλλων]
1065 1422 1133 1459 τοῦ
1154 1421 1309 1473 χαλκοῦ
1333 1416 1508 1469 ἐμνήσθη
1528 1435 1541 1465 ;
1575 1417 1675 1459 διότι
1691 1417 1821 1469 τίμιον

283 1485 332 1537 ἤν
352 1489 435 1529 τοῖς
458 1487 643 1540 ἀρχαίοις

215 1568 264 1592 20
344 1568 440 1610 230.
477 1553 641 1612 <υῗος>]
675 1556 754 1596 ἀπὸ
783 1560 852 1597 τοῦ
883 1558 960 1599 υἶις
990 1556 1013 1607 ἡ
1046 1557 1184 1610 γενικὴ
1216 1558 1317 1599 υἵιος
1344 1556 1396 1599 ὧς
1428 1558 1558 1608 ὄφιος,
1588 1557 1653 1597 καὶ
1683 1572 1820 1597 συναι-

280 1624 389 1677 ρέσει
412 1627 480 1665 τοῦ
502 1633 524 1665 ῦ
547 1626 612 1666 καὶ
634 1626 649 1666 ἶ
671 1625 818 1668 “vies'’

469 1692 573 1750 υἷος]
598 1694 694 1747 ὑπέρ
874 1708 970 1750 234.
1005 1692 1300 1751 ἐπιβασκέμεν]
1326 1695 1554 1746 ἐπιβαίνειν
1577 1697 1708 1735 ποιεῖν

342 1772 438 1817 235.
463 1761 729 1819 “<πέπονες>]
759 1765 801 1804 ἐκ
837 1767 1067 1816 μεταφορᾶς
1095 1768 1174 1806 τῶν
1205 1764 1404 1810 πεπόνων,
1437 1764 1461 1803 ὃ.
1494 1764 1540 1818 τῇ
1576 1765 1649 1813 μὲν
1683 1762 1822 1817 γεύσει

283 1831 394 1874 ἐστὶν
411 1831 518 1883 ἡδέα,
535 1834 580 1887 τῇ
600 1833 642 1873 δὲ
659 1831 761 1883 θίξει
779 1833 844 1873 καὶ
861 1834 908 1888 τῇ
926 1835 1008 1886 ἁφῇ
1031 1834 1193 1884 μαλακὰ
1211 1834 1275 1873 καὶ
1294 1832 1490 1873 εὐένδοτα.
1525 1830 1548 1882 ἦ
1574 1835 1596 1854 ‘⁶
1610 1831 1782 1874 πέπονες
1799 1830 1821 1847 ”

213 1911 262 1949 25
283 1899 406 1954 ἤγουν
437 1902 683 1954 ταλαίπωροι
716 1900 779 1942 καὶ
809 1900 937 1953 μάτην
959 1905 1173 1944 πονοῦντες
1195 1902 1314 1950 ἀίδια,
1339 1903 1380 1942 ἐκ
1403 1905 1471 1942 τοῦ
1493 1905 1613 1952 πονῶ,
1637 1901 1701 1942 καὶ
1724 1902 1822 1942 κατὰ

284 1971 664 2021 ἀναδιπλασιασμόν
684 1973 753 2020 τῆς
775 1973 827 2012 ff
850 1973 1064 2022 συλλαβῆς

470 2036 663 2094 ἐλέγχεα]
689 2040 869 2092 ἀντικρὺς
891 2040 1022 2090 ὀνείδη

475 2104 762 2164 <πεσσέμεν>]
792 2108 815 2158 ἡ
838 2111 1047 2161 μεταφορὰ
1069 2108 1147 2149 ἀπὸ
1172 2112 1250 2149 τῶν
1273 2109 1315 2149 ἐν
1336 2109 1382 2163 τῇ
1411 2109 1557 2161 γαστρὶ
1587 2108 1723 2148 σίτων·
1757 2105 1821 2148 καὶ

282 2178 358 2230 γὰρ
396 2175 504 2227 αὐτά,
534 2176 583 2217 ἂν
618 2177 671 2228 μὴ
710 2179 883 2233 κρατηθῇ
920 2177 988 2218 τὸν
1026 2177 1248 2230 ὡρισμένον
1285 2177 1444 2230 χρόνον,
1475 2177 1726 2228 ἀσθενούσης
1750 2179 1820 2228 τῆς

216 2258 266 2295 30
286 2248 518 2296 καθεκτικῆς
539 2245 739 2294 δυνάμεως
763 2246 807 2286 οὐ
830 2248 1021 2288 πέπτεται

346 2313 441 2367 238.
474 2313 497 2365 ἧ
517 2312 586 2370 ρα]
612 2315 688 2366 ἆρα

344 2393 441 2431 241.
472 2380 678 2438 μεθήμων]
703 2382 839 2436 πραΰς,
863 2385 1072 2434 ἐνδόσιμος
1094 2383 1146 2435 μὴ
1169 2383 1222 2438 τῷ
1247 2383 1353 2438 θυμῷ
1378 2382 1486 2423 ἀλλὰ
1509 2383 1656 2434 ἄθυμος

345 2462 438 2500 242.
465 2448 669 2506 Ἀτρείδη]
695 2449 723 2490 ὦ

344 2520 440 2572 265.
473 2517 743 2576 μετάφρενον]
767 2519 836 2560 τὸν
855 2519 1005 2570 μεταξὺ
1026 2524 1104 2561 τῶν
1127 2520 1243 2572 ὤμων
1261 2521 1387 2561 τόπον

215 2610 265 2650 35
345 2588 440 2630 266.
474 2586 700 2651 (ἰδνώθη-ΣΙ
751 2588 1001 2651 ἐπεκάμφθη,
1049 2591 1155 2641 παρὰ
1197 2594 1242 2630 τὸ
1283 2591 1363 2640 ἵζω·
1419 2591 1484 2631 καὶ
1530 2590 1684 2643 γίνεται
1728 2591 1819 2631 ἷδνῶ

285 2656 501 2710 τραπέντος
542 2660 610 2697 τοῦ
648 2657 672 2706 ζ
703 2658 758 2699 εἷς
798 2661 817 2698 δ
857 2661 1046 2709 Δωρικῶς
1080 2659 1145 2699 καὶ
1179 2659 1422 2713 πλεονασμῷ
1453 2662 1522 2699 τοῦ
1543 2660 1577 2700 ὗ.
1639 2662 1684 2700 τὸ
1726 2659 1820 2700 ἰδνῶ

283 2728 488 2779 ψιλοῦται,
511 2729 555 2766 τὸ
586 2726 654 2774 ἵζω
687 2725 898 2766 δασύνεται

345 2796 440 2846 267.
477 2791 712 2850 <σμῶδιξ>]
745 2796 852 2846 παρὰ
881 2793 926 2834 τὸ
959 2794 1127 2845 σμῶξαι·
1160 2796 1259 2836 οὕτω
1292 2797 1334 2836 δὲ
1367 2795 1519 2849 ἔλεγονι
1542 2796 1580 2836 οἱ
1607 2794 1742 2839 Ἴωνες
1773 2794 1819 2836 τὸ

286 2861 461 2913 πατάξαι
483 2862 518 2901 Β
533 2871 567 2907 4-

334 2945 382 2978 17.
407 2939 547 2969 καθιστῶ
571 2939 624 2969 Et.
643 2940 692 2970 M.
721 2943 732 2977 ΙΙ
762 2940 812 2970 18.
839 2939 990 2980 supplevi
1008 2951 1046 2969 ex
1063 2940 1091 2970 L
1117 2943 1129 2978 11
1158 2950 1206 2970 20.
1225 2939 1282 2971 υΐις
1300 2941 1319 2980 ἢ
1342 2940 1477 2981 scripsi:
1503 2939 1547 2971 ὒίς
1563 2939 1614 2971 καὶ
1640 2943 1652 2978 ΙΙ
1681 2949 1729 2980 25.
1747 2939 1820 2969 ‹iz-5⁰*

285 2982 351 3022 legi
378 2985 390 3019 Η
417 2982 480 3012 τῶν
497 2981 600 3012 πόνων
616 2983 681 3023 logi
707 2987 719 3021 Η
746 2992 797 3024 30.
823 2982 974 3014 πέπτεται
992 2984 1078 3015 AD:
1104 2983 1251 3015 πέττεται
1279 2987 1290 3022 ΙΙ
1318 2991 1369 3026 37.
1395 2983 1432 3015 τὸ
1448 2983 1502 3024 ἵζω
1519 2986 1546 3017 δ.
1565 2984 1586 3015 l.
1610 2993 1649 3024 35
1671 2986 1745 3025 post
1763 2981 1819 3022 ἵζω

285 3026 445 3066 scriptum
461 3037 466 3057 :
492 3026 619 3057 traiecit
636 3026 679 3057 W
