<?xml version="1.0" encoding="UTF-8"?>
<!DOCTYPE html PUBLIC "-//W3C//DTD XHTML 1.0 Transitional//EN"
    "http://www.w3.org/TR/xhtml1/DTD/xhtml1-transitional.dtd">
<html xmlns="http://www.w3.org/1999/xhtml" xml:lang="en" lang="en">
 <head>
  <title>
</title>
<meta http-equiv="Content-Type" content="text/html;charset=utf-8" />
  <meta name='ocr-system' content='tesseract 3.04.00' />
  <meta name='ocr-capabilities' content='ocr_page ocr_carea ocr_par ocr_line ocrx_word'/>
</head>
<body>
  <div class='ocr_page' id='page_1' title='image "./scholiagraecainh06homeuoft_0562.png"; bbox 0 0 1939 3227; ppageno 0'>
   <div class='ocr_carea' id='block_1_1' title="bbox 271 122 1267 182">
    <p class='ocr_par' dir='ltr' id='par_1_1' title="bbox 271 122 1267 182">
     <span class='ocr_line' id='line_1_1' title="bbox 271 122 1267 182; baseline -0.004 -14"><span class='ocrx_word' id='word_1_1' title='bbox 271 128 357 170; x_wconf 76' lang='lat'>540</span> <span class='ocrx_word' id='word_1_2' title='bbox 815 130 1041 168; x_wconf 69' lang='grc' dir='ltr'>ΙΛΙΑΔΟΣ</span> <span class='ocrx_word' id='word_1_3' title='bbox 1075 128 1123 169; x_wconf 83' lang='grc' dir='ltr'>Ξ.</span> <span class='ocrx_word' id='word_1_4' title='bbox 1154 122 1267 182; x_wconf 76' lang='lat'>(14)</span> 
     </span>
    </p>
   </div>
   <div class='ocr_carea' id='block_1_2' title="bbox 227 240 1806 571">
    <p class='ocr_par' dir='ltr' id='par_1_2' title="bbox 330 240 1164 299">
     <span class='ocr_line' id='line_1_2' title="bbox 330 240 1164 299; baseline -0.002 -15"><span class='ocrx_word' id='word_1_5' title='bbox 330 253 427 298; x_wconf 82' lang='lat'><strong>351.</strong></span> <span class='ocrx_word' id='word_1_6' title='bbox 462 240 674 299; x_wconf 85' lang='grc' dir='ltr'>στιλπναί]</span> <span class='ocrx_word' id='word_1_7' title='bbox 700 243 959 295; x_wconf 81' lang='grc' dir='ltr'>στίλβουσαι,</span> <span class='ocrx_word' id='word_1_8' title='bbox 980 242 1164 294; x_wconf 86' lang='grc' dir='ltr'>λαμπραί</span> 
     </span>
    </p>

    <p class='ocr_par' dir='ltr' id='par_1_3' title="bbox 329 309 973 368">
     <span class='ocr_line' id='line_1_3' title="bbox 329 309 973 368; baseline 0 -16"><span class='ocrx_word' id='word_1_9' title='bbox 329 313 427 367; x_wconf 81' lang='lat'>362.</span> <span class='ocrx_word' id='word_1_10' title='bbox 461 312 529 353; x_wconf 80' lang='grc' dir='ltr'>τὸν</span> <span class='ocrx_word' id='word_1_11' title='bbox 551 309 615 368; x_wconf 87' lang='grc' dir='ltr'>δέ]</span> <span class='ocrx_word' id='word_1_12' title='bbox 641 311 710 352; x_wconf 80' lang='grc' dir='ltr'>τὸν</span> <span class='ocrx_word' id='word_1_13' title='bbox 732 314 973 353; x_wconf 86' lang='grc' dir='ltr'>Ποσειδῶνα</span> 
     </span>
    </p>

    <p class='ocr_par' dir='ltr' id='par_1_4' title="bbox 329 373 1587 437">
     <span class='ocr_line' id='line_1_4' title="bbox 329 373 1587 437; baseline -0.002 -18"><span class='ocrx_word' id='word_1_14' title='bbox 329 380 427 436; x_wconf 80' lang='lat'>381.</span> <span class='ocrx_word' id='word_1_15' title='bbox 460 378 651 437; x_wconf 80' lang='grc' dir='ltr'>ἄμειβον]</span> <span class='ocrx_word' id='word_1_16' title='bbox 676 380 957 435; x_wconf 86' lang='grc' dir='ltr'>ἤλ&lt;λ&gt;ασσον</span> <span class='ocrx_word' id='word_1_17' title='bbox 1133 377 1229 433; x_wconf 77' lang='lat'><em>386.</em></span> <span class='ocrx_word' id='word_1_18' title='bbox 1262 378 1315 432; x_wconf 75' lang='grc' dir='ltr'>τῷ</span> <span class='ocrx_word' id='word_1_19' title='bbox 1339 373 1399 433; x_wconf 88' lang='grc' dir='ltr'>δέ]</span> <span class='ocrx_word' id='word_1_20' title='bbox 1424 377 1476 432; x_wconf 77' lang='grc' dir='ltr'>τῷ</span> <span class='ocrx_word' id='word_1_21' title='bbox 1500 376 1587 429; x_wconf 83' lang='grc' dir='ltr'>ἄορι</span> 
     </span>
    </p>

    <p class='ocr_par' dir='ltr' id='par_1_5' title="bbox 227 444 1806 571">
     <span class='ocr_line' id='line_1_5' title="bbox 330 444 1806 505; baseline -0.002 -15"><span class='ocrx_word' id='word_1_22' title='bbox 330 448 426 504; x_wconf 78' lang='lat'><em>387.</em></span> <span class='ocrx_word' id='word_1_23' title='bbox 460 450 549 493; x_wconf 85' lang='grc' dir='ltr'>δέος</span> <span class='ocrx_word' id='word_1_24' title='bbox 583 449 742 503; x_wconf 79' lang='grc' dir='ltr'>ἰσχάνει</span> <span class='ocrx_word' id='word_1_25' title='bbox 786 447 949 505; x_wconf 82' lang='grc' dir='ltr'>ἄνδρας]</span> <span class='ocrx_word' id='word_1_26' title='bbox 994 449 1209 499; x_wconf 85' lang='grc' dir='ltr'>πεποίηται</span> <span class='ocrx_word' id='word_1_27' title='bbox 1249 448 1324 499; x_wconf 74' lang='grc' dir='ltr'>γὰρ</span> <span class='ocrx_word' id='word_1_28' title='bbox 1362 446 1417 488; x_wconf 86' lang='grc' dir='ltr'>εἷς</span> <span class='ocrx_word' id='word_1_29' title='bbox 1458 446 1609 497; x_wconf 85' lang='grc' dir='ltr'>φόβον,</span> <span class='ocrx_word' id='word_1_30' title='bbox 1643 444 1713 486; x_wconf 79' lang='grc' dir='ltr'>οὐκ</span> <span class='ocrx_word' id='word_1_31' title='bbox 1749 446 1806 487; x_wconf 85' lang='grc' dir='ltr'>εἷς</span> 
     </span>
     <span class='ocr_line' id='line_1_6' title="bbox 227 520 399 571; baseline -0.017 -9"><span class='ocrx_word' id='word_1_32' title='bbox 227 526 250 562; x_wconf 89' lang='grc'>5</span> <span class='ocrx_word' id='word_1_33' title='bbox 272 520 399 571; x_wconf 88' lang='grc' dir='ltr'>φόνον</span> 
     </span>
    </p>
   </div>
   <div class='ocr_carea' id='block_1_3' title="bbox 326 581 1640 849">
    <p class='ocr_par' dir='ltr' id='par_1_6' title="bbox 327 581 1480 644">
     <span class='ocr_line' id='line_1_7' title="bbox 327 581 1480 644; baseline -0.003 -16"><span class='ocrx_word' id='word_1_34' title='bbox 327 600 425 638; x_wconf 87' lang='lat'>404.</span> <span class='ocrx_word' id='word_1_35' title='bbox 459 584 526 644; x_wconf 82' lang='grc' dir='ltr'>τῇ]</span> <span class='ocrx_word' id='word_1_36' title='bbox 551 588 651 629; x_wconf 83' lang='grc' dir='ltr'>ὅπου</span> <span class='ocrx_word' id='word_1_37' title='bbox 672 587 764 627; x_wconf 82' lang='lat' dir='ltr'>A:</span> <span class='ocrx_word' id='word_1_38' title='bbox 948 581 1175 641; x_wconf 83' lang='grc' dir='ltr'>τελαμῶνε]</span> <span class='ocrx_word' id='word_1_39' title='bbox 1202 586 1238 625; x_wconf 79' lang='grc' dir='ltr'>οἱ</span> <span class='ocrx_word' id='word_1_40' title='bbox 1262 585 1480 636; x_wconf 84' lang='grc' dir='ltr'>ἀναφορεῖς</span> 
     </span>
    </p>

    <p class='ocr_par' dir='ltr' id='par_1_7' title="bbox 326 653 833 712">
     <span class='ocr_line' id='line_1_8' title="bbox 326 653 833 712; baseline 0.004 -17"><span class='ocrx_word' id='word_1_41' title='bbox 326 669 424 711; x_wconf 81' lang='lat'>413.</span> <span class='ocrx_word' id='word_1_42' title='bbox 458 653 623 712; x_wconf 81' lang='grc' dir='ltr'>ἔσσευε]</span> <span class='ocrx_word' id='word_1_43' title='bbox 648 656 833 706; x_wconf 79' lang='grc' dir='ltr'>ἐκίνησεν</span> 
     </span>
    </p>

    <p class='ocr_par' dir='ltr' id='par_1_8' title="bbox 326 719 1296 782">
     <span class='ocr_line' id='line_1_9' title="bbox 326 719 1296 782; baseline -0.002 -18"><span class='ocrx_word' id='word_1_44' title='bbox 326 738 424 776; x_wconf 87' lang='lat'>414.</span> <span class='ocrx_word' id='word_1_45' title='bbox 456 723 594 782; x_wconf 82' lang='grc' dir='ltr'>ῥιπῆς]</span> <span class='ocrx_word' id='word_1_46' title='bbox 620 728 808 778; x_wconf 86' lang='grc' dir='ltr'>κεραυνοῦ</span> <span class='ocrx_word' id='word_1_47' title='bbox 985 719 1168 779; x_wconf 82' lang='grc' dir='ltr'>ἐξερίπῃ]</span> <span class='ocrx_word' id='word_1_48' title='bbox 1194 720 1296 777; x_wconf 86' lang='grc' dir='ltr'>πέσῃ</span> 
     </span>
    </p>

    <p class='ocr_par' dir='ltr' id='par_1_9' title="bbox 326 789 1640 849">
     <span class='ocr_line' id='line_1_10' title="bbox 326 789 1640 849; baseline -0.002 -15"><span class='ocrx_word' id='word_1_49' title='bbox 326 803 424 846; x_wconf 84' lang='grc'><strong>415.</strong></span> <span class='ocrx_word' id='word_1_50' title='bbox 457 791 607 849; x_wconf 86' lang='grc' dir='ltr'>θεείου]</span> <span class='ocrx_word' id='word_1_51' title='bbox 632 794 683 836; x_wconf 85' lang='grc' dir='ltr'>ὡς</span> <span class='ocrx_word' id='word_1_52' title='bbox 859 802 958 845; x_wconf 83' lang='lat'><strong>427.</strong></span> <span class='ocrx_word' id='word_1_53' title='bbox 992 793 1034 834; x_wconf 81' lang='grc' dir='ltr'>εὗ</span> <span class='ocrx_word' id='word_1_54' title='bbox 1057 789 1273 847; x_wconf 85' lang='grc' dir='ltr'>ἀκήδεσεν]</span> <span class='ocrx_word' id='word_1_55' title='bbox 1299 790 1418 832; x_wconf 82' lang='grc' dir='ltr'>αὐτοῦ</span> <span class='ocrx_word' id='word_1_56' title='bbox 1439 790 1640 842; x_wconf 88' lang='grc' dir='ltr'>ἠμέλησεν</span> 
     </span>
    </p>
   </div>
   <div class='ocr_carea' id='block_1_4' title="bbox 202 860 1803 1332">
    <p class='ocr_par' dir='ltr' id='par_1_10' title="bbox 202 860 1803 1332">
     <span class='ocr_line' id='line_1_11' title="bbox 204 860 1241 919; baseline 0 -19"><span class='ocrx_word' id='word_1_57' title='bbox 204 875 250 900; x_wconf 77' lang='lat'>10</span> <span class='ocrx_word' id='word_1_58' title='bbox 327 862 425 918; x_wconf 76' lang='lat'>438.</span> <span class='ocrx_word' id='word_1_59' title='bbox 458 860 609 919; x_wconf 81' lang='grc' dir='ltr'>πλῆτο]</span> <span class='ocrx_word' id='word_1_60' title='bbox 634 863 901 913; x_wconf 81' lang='grc' dir='ltr'>ἐπλησίασεν,</span> <span class='ocrx_word' id='word_1_61' title='bbox 925 860 1241 914; x_wconf 84' lang='grc' dir='ltr'>προσεπελάσθη</span> 
     </span>
     <span class='ocr_line' id='line_1_12' title="bbox 327 928 1103 987; baseline 0 -15"><span class='ocrx_word' id='word_1_62' title='bbox 327 945 425 984; x_wconf 90' lang='grc'><strong>444.</strong></span> <span class='ocrx_word' id='word_1_63' title='bbox 456 928 701 987; x_wconf 85' lang='grc' dir='ltr'>Ἠνοπίδην]</span> <span class='ocrx_word' id='word_1_64' title='bbox 727 931 796 972; x_wconf 83' lang='grc' dir='ltr'>τὸν</span> <span class='ocrx_word' id='word_1_65' title='bbox 817 931 903 972; x_wconf 80' lang='grc' dir='ltr'>υἱὸν</span> <span class='ocrx_word' id='word_1_66' title='bbox 921 930 1103 973; x_wconf 76' lang='grc' dir='ltr'>”Ηνοπος</span> 
     </span>
     <span class='ocr_line' id='line_1_13' title="bbox 326 996 1413 1057; baseline 0 -17"><span class='ocrx_word' id='word_1_67' title='bbox 326 1001 423 1051; x_wconf 86' lang='grc'><strong>460.</strong></span> <span class='ocrx_word' id='word_1_68' title='bbox 458 998 601 1057; x_wconf 83' lang='grc' dir='ltr'>πέσεν]</span> <span class='ocrx_word' id='word_1_69' title='bbox 630 1001 650 1040; x_wconf 90' lang='lat'><em>6</em></span> <span class='ocrx_word' id='word_1_70' title='bbox 673 999 917 1053; x_wconf 82' lang='grc' dir='ltr'>Προθοήνωρ</span> <span class='ocrx_word' id='word_1_71' title='bbox 1094 996 1209 1055; x_wconf 81' lang='grc' dir='ltr'>ἄγχι]</span> <span class='ocrx_word' id='word_1_72' title='bbox 1235 999 1413 1055; x_wconf 84' lang='grc' dir='ltr'>πλησίον</span> 
     </span>
     <span class='ocr_line' id='line_1_14' title="bbox 326 1066 1803 1125; baseline -0.001 -15"><span class='ocrx_word' id='word_1_73' title='bbox 326 1072 424 1125; x_wconf 84' lang='lat'>463.</span> <span class='ocrx_word' id='word_1_74' title='bbox 461 1066 721 1125; x_wconf 87' lang='grc' dir='ltr'>&lt;λικριφίς&gt;]</span> <span class='ocrx_word' id='word_1_75' title='bbox 755 1068 842 1120; x_wconf 86' lang='grc' dir='ltr'>ἤτοι</span> <span class='ocrx_word' id='word_1_76' title='bbox 872 1069 1067 1122; x_wconf 74' lang='grc' dir='ltr'>πλαγίως,</span> <span class='ocrx_word' id='word_1_77' title='bbox 1090 1068 1169 1107; x_wconf 84' lang='grc' dir='ltr'>ἀπὸ</span> <span class='ocrx_word' id='word_1_78' title='bbox 1200 1071 1269 1107; x_wconf 83' lang='grc' dir='ltr'>τοῦ</span> <span class='ocrx_word' id='word_1_79' title='bbox 1299 1068 1394 1108; x_wconf 90' lang='grc' dir='ltr'>λίαν</span> <span class='ocrx_word' id='word_1_80' title='bbox 1425 1066 1488 1107; x_wconf 85' lang='grc' dir='ltr'>καὶ</span> <span class='ocrx_word' id='word_1_81' title='bbox 1518 1069 1586 1106; x_wconf 84' lang='grc' dir='ltr'>τοῦ</span> <span class='ocrx_word' id='word_1_82' title='bbox 1619 1067 1803 1119; x_wconf 79' lang='grc' dir='ltr'>κρυφίως,</span> 
     </span>
     <span class='ocr_line' id='line_1_15' title="bbox 271 1134 1271 1193; baseline -0.004 -14"><span class='ocrx_word' id='word_1_83' title='bbox 271 1141 369 1180; x_wconf 77' lang='grc' dir='ltr'>κατὰ</span> <span class='ocrx_word' id='word_1_84' title='bbox 391 1139 542 1192; x_wconf 78' lang='grc' dir='ltr'>τροπὴν</span> <span class='ocrx_word' id='word_1_85' title='bbox 564 1142 632 1178; x_wconf 82' lang='grc' dir='ltr'>τοῦ</span> <span class='ocrx_word' id='word_1_86' title='bbox 654 1141 676 1179; x_wconf 78' lang='grc' dir='ltr'><em>ὗ</em></span> <span class='ocrx_word' id='word_1_87' title='bbox 696 1141 846 1190; x_wconf 86' lang='grc' dir='ltr'>μακροῦ</span> <span class='ocrx_word' id='word_1_88' title='bbox 869 1139 925 1180; x_wconf 85' lang='grc' dir='ltr'>εἰς</span> <span class='ocrx_word' id='word_1_89' title='bbox 948 1134 1108 1193; x_wconf 48' lang='lat' dir='ltr'>&amp;pal-&gt;05</span> <span class='ocrx_word' id='word_1_90' title='bbox 1128 1137 1149 1178; x_wconf 77' lang='grc' dir='ltr'><em>ἶ</em></span> <span class='ocrx_word' id='word_1_91' title='bbox 1165 1135 1176 1192; x_wconf 64' lang='lat' dir='ltr'>j</span> <span class='ocrx_word' id='word_1_92' title='bbox 1193 1136 1232 1175; x_wconf 92' lang='lat' dir='ltr'>A</span> <span class='ocrx_word' id='word_1_93' title='bbox 1247 1155 1271 1164; x_wconf 46' lang='lat' dir='ltr'><strong><em>w</em></strong></span> 
     </span>
     <span class='ocr_line' id='line_1_16' title="bbox 202 1207 727 1261; baseline -0.006 -12"><span class='ocrx_word' id='word_1_94' title='bbox 202 1218 248 1255; x_wconf 80' lang='grc'>15</span> <span class='ocrx_word' id='word_1_95' title='bbox 327 1207 511 1261; x_wconf 87' lang='grc' dir='ltr'>κόμισεν]</span> <span class='ocrx_word' id='word_1_96' title='bbox 534 1207 605 1258; x_wconf 79' lang='grc' dir='ltr'>τὴν</span> <span class='ocrx_word' id='word_1_97' title='bbox 628 1209 727 1259; x_wconf 86' lang='grc' dir='ltr'>κῆρα</span> 
     </span>
     <span class='ocr_line' id='line_1_17' title="bbox 326 1271 1512 1332; baseline -0.003 -16"><span class='ocrx_word' id='word_1_98' title='bbox 326 1277 424 1328; x_wconf 85' lang='grc'><strong>467.</strong></span> <span class='ocrx_word' id='word_1_99' title='bbox 455 1273 580 1332; x_wconf 82' lang='grc' dir='ltr'>ῥῖνες]</span> <span class='ocrx_word' id='word_1_100' title='bbox 605 1277 657 1330; x_wconf 78' lang='grc' dir='ltr'>τῷ</span> <span class='ocrx_word' id='word_1_101' title='bbox 681 1275 933 1329; x_wconf 68' lang='grc' dir='ltr'>πληθυντικῷ</span> <span class='ocrx_word' id='word_1_102' title='bbox 957 1275 1044 1315; x_wconf 83' lang='grc' dir='ltr'>ἀντὶ</span> <span class='ocrx_word' id='word_1_103' title='bbox 1066 1278 1135 1315; x_wconf 79' lang='grc' dir='ltr'>τοῦ</span> <span class='ocrx_word' id='word_1_104' title='bbox 1157 1276 1287 1315; x_wconf 80' lang='grc' dir='ltr'>ἑνικοῦ</span> <span class='ocrx_word' id='word_1_105' title='bbox 1311 1271 1512 1326; x_wconf 86' lang='grc' dir='ltr'>ἐχρήσατο</span> 
     </span>
    </p>
   </div>
   <div class='ocr_carea' id='block_1_5' title="bbox 198 1340 1624 1758">
    <p class='ocr_par' dir='ltr' id='par_1_11' title="bbox 324 1340 1624 1539">
     <span class='ocr_line' id='line_1_18' title="bbox 325 1340 1615 1401; baseline -0.002 -17"><span class='ocrx_word' id='word_1_106' title='bbox 325 1345 423 1396; x_wconf 80' lang='grc'><strong>484,</strong></span> <span class='ocrx_word' id='word_1_107' title='bbox 456 1342 530 1401; x_wconf 73' lang='grc' dir='ltr'>τῷ]</span> <span class='ocrx_word' id='word_1_108' title='bbox 555 1346 617 1385; x_wconf 88' lang='grc' dir='ltr'>διό</span> <span class='ocrx_word' id='word_1_109' title='bbox 790 1344 890 1397; x_wconf 80' lang='grc'><strong>485.</strong></span> <span class='ocrx_word' id='word_1_110' title='bbox 924 1343 1050 1395; x_wconf 78' lang='grc' dir='ltr'>ἄρεως</span> <span class='ocrx_word' id='word_1_111' title='bbox 1073 1340 1271 1398; x_wconf 82' lang='grc' dir='ltr'>ἀλκτῆρα]</span> <span class='ocrx_word' id='word_1_112' title='bbox 1297 1343 1423 1394; x_wconf 87' lang='grc' dir='ltr'>φόνου</span> <span class='ocrx_word' id='word_1_113' title='bbox 1446 1343 1615 1393; x_wconf 83' lang='grc' dir='ltr'>τιμωρόν</span> 
     </span>
     <span class='ocr_line' id='line_1_19' title="bbox 325 1407 1624 1469; baseline -0.003 -14"><span class='ocrx_word' id='word_1_114' title='bbox 325 1423 424 1468; x_wconf 81' lang='grc'><strong>495.</strong></span> <span class='ocrx_word' id='word_1_115' title='bbox 459 1410 579 1469; x_wconf 83' lang='grc' dir='ltr'>ἰνίου]</span> <span class='ocrx_word' id='word_1_116' title='bbox 603 1416 672 1453; x_wconf 86' lang='grc' dir='ltr'>τοῦ</span> <span class='ocrx_word' id='word_1_117' title='bbox 693 1416 830 1465; x_wconf 86' lang='grc' dir='ltr'>νευροῦ</span> <span class='ocrx_word' id='word_1_118' title='bbox 1006 1421 1104 1463; x_wconf 85' lang='lat'><strong>497·</strong></span> <span class='ocrx_word' id='word_1_119' title='bbox 1139 1407 1362 1466; x_wconf 82' lang='grc' dir='ltr'>ἀπήραξεν]</span> <span class='ocrx_word' id='word_1_120' title='bbox 1388 1408 1624 1460; x_wconf 81' lang='grc' dir='ltr'>ἀπετίναξεν</span> 
     </span>
     <span class='ocr_line' id='line_1_20' title="bbox 324 1477 1420 1539; baseline -0.005 -16"><span class='ocrx_word' id='word_1_121' title='bbox 324 1496 423 1538; x_wconf 87' lang='grc'><strong>499.</strong></span> <span class='ocrx_word' id='word_1_122' title='bbox 456 1480 533 1539; x_wconf 87' lang='grc' dir='ltr'>φή]</span> <span class='ocrx_word' id='word_1_123' title='bbox 563 1482 614 1524; x_wconf 84' lang='grc' dir='ltr'>ὡς</span> <span class='ocrx_word' id='word_1_124' title='bbox 790 1490 887 1534; x_wconf 80' lang='grc'><strong>501.</strong></span> <span class='ocrx_word' id='word_1_125' title='bbox 922 1477 1146 1537; x_wconf 84' lang='grc' dir='ltr'>εἰπέμεναι]</span> <span class='ocrx_word' id='word_1_126' title='bbox 1173 1482 1307 1521; x_wconf 81' lang='grc' dir='ltr'>εἴπατε</span> <span class='ocrx_word' id='word_1_127' title='bbox 1331 1479 1420 1518; x_wconf 78' lang='lat' dir='ltr'>A:</span> 
     </span>
    </p>

    <p class='ocr_par' dir='ltr' id='par_1_12' title="bbox 198 1716 1059 1758">
     <span class='ocr_line' id='line_1_21' title="bbox 198 1716 1059 1758; baseline -0.006 0"><span class='ocrx_word' id='word_1_128' title='bbox 198 1734 248 1758; x_wconf 90' lang='lat'>20</span> <span class='ocrx_word' id='word_1_129' title='bbox 1011 1716 1059 1753; x_wconf 91' lang='lat' dir='ltr'>O.</span> 
     </span>
    </p>
   </div>
   <div class='ocr_carea' id='block_1_6' title="bbox 272 1807 1800 2073">
    <p class='ocr_par' dir='ltr' id='par_1_13' title="bbox 272 1807 1800 2073">
     <span class='ocr_line' id='line_1_22' title="bbox 332 1807 1800 1866; baseline -0.001 -16"><span class='ocrx_word' id='word_1_130' title='bbox 332 1824 395 1851; x_wconf 87' lang='lat'>10.</span> <span class='ocrx_word' id='word_1_131' title='bbox 440 1813 511 1864; x_wconf 87' lang='grc' dir='ltr'>κῆρ</span> <span class='ocrx_word' id='word_1_132' title='bbox 554 1809 809 1866; x_wconf 79' lang='grc' dir='ltr'>ἀπινύσσων]</span> <span class='ocrx_word' id='word_1_133' title='bbox 856 1810 1079 1862; x_wconf 83' lang='grc' dir='ltr'>ἐξεστηκὼς</span> <span class='ocrx_word' id='word_1_134' title='bbox 1120 1811 1164 1865; x_wconf 74' lang='grc' dir='ltr'>τῇ</span> <span class='ocrx_word' id='word_1_135' title='bbox 1207 1809 1320 1865; x_wconf 77' lang='grc' dir='ltr'>ψυχῇ</span> <span class='ocrx_word' id='word_1_136' title='bbox 1365 1807 1428 1848; x_wconf 85' lang='grc' dir='ltr'>καὶ</span> <span class='ocrx_word' id='word_1_137' title='bbox 1469 1807 1514 1847; x_wconf 85' lang='grc' dir='ltr'>οὐ</span> <span class='ocrx_word' id='word_1_138' title='bbox 1554 1807 1800 1860; x_wconf 79' lang='grc' dir='ltr'>διακείμενος</span> 
     </span>
     <span class='ocr_line' id='line_1_23' title="bbox 272 1879 920 1927; baseline 0 -8"><span class='ocrx_word' id='word_1_139' title='bbox 272 1884 455 1927; x_wconf 81' lang='grc' dir='ltr'>συνετῶς,</span> <span class='ocrx_word' id='word_1_140' title='bbox 480 1881 589 1920; x_wconf 81' lang='grc' dir='ltr'>ἀλλὰ</span> <span class='ocrx_word' id='word_1_141' title='bbox 611 1879 811 1922; x_wconf 83' lang='grc' dir='ltr'>ἀσυνέτως</span> <span class='ocrx_word' id='word_1_142' title='bbox 831 1879 920 1919; x_wconf 91' lang='lat' dir='ltr'>A—</span> 
     </span>
     <span class='ocr_line' id='line_1_24' title="bbox 328 1946 1093 2005; baseline 0 -16"><span class='ocrx_word' id='word_1_143' title='bbox 328 1962 392 2002; x_wconf 87' lang='lat'>19.</span> <span class='ocrx_word' id='word_1_144' title='bbox 425 1946 618 2005; x_wconf 84' lang='grc' dir='ltr'>ἄκμονας]</span> <span class='ocrx_word' id='word_1_145' title='bbox 644 1950 811 1991; x_wconf 89' lang='grc' dir='ltr'>κανόνας</span> <span class='ocrx_word' id='word_1_146' title='bbox 834 1948 897 1988; x_wconf 88' lang='grc' dir='ltr'>καὶ</span> <span class='ocrx_word' id='word_1_147' title='bbox 918 1947 1093 2001; x_wconf 83' lang='grc' dir='ltr'>ῥάβδους</span> 
     </span>
     <span class='ocr_line' id='line_1_25' title="bbox 429 2013 1799 2073; baseline -0.002 -15"><span class='ocrx_word' id='word_1_148' title='bbox 429 2015 525 2073; x_wconf 82' lang='grc' dir='ltr'>ἧκα]</span> <span class='ocrx_word' id='word_1_149' title='bbox 551 2017 735 2059; x_wconf 88' lang='grc' dir='ltr'>ἐτάνυσα·</span> <span class='ocrx_word' id='word_1_150' title='bbox 774 2018 860 2068; x_wconf 84' lang='grc' dir='ltr'>ἵημι</span> <span class='ocrx_word' id='word_1_151' title='bbox 882 2017 926 2058; x_wconf 83' lang='grc' dir='ltr'>τὸ</span> <span class='ocrx_word' id='word_1_152' title='bbox 955 2016 1097 2067; x_wconf 85' lang='grc' dir='ltr'>τανύω,</span> <span class='ocrx_word' id='word_1_153' title='bbox 1122 2017 1142 2056; x_wconf 97' lang='lat'><em>6</em></span> <span class='ocrx_word' id='word_1_154' title='bbox 1163 2015 1326 2068; x_wconf 88' lang='grc' dir='ltr'>μέλλων</span> <span class='ocrx_word' id='word_1_155' title='bbox 1348 2015 1447 2065; x_wconf 86' lang='grc' dir='ltr'>ἥσω,</span> <span class='ocrx_word' id='word_1_156' title='bbox 1470 2015 1490 2054; x_wconf 89' lang='lat'><em>6</em></span> <span class='ocrx_word' id='word_1_157' title='bbox 1512 2013 1799 2066; x_wconf 83' lang='grc' dir='ltr'>παρακείμενος</span> 
     </span>
    </p>
   </div>
   <div class='ocr_carea' id='block_1_7' title="bbox 266 2085 414 2138">
    <p class='ocr_par' dir='ltr' id='par_1_14' title="bbox 266 2085 414 2138">
     <span class='ocr_line' id='line_1_26' title="bbox 266 2085 414 2138; baseline 0.014 -31"><span class='ocrx_word' id='word_1_158' title='bbox 266 2090 290 2109; x_wconf 71' lang='grc' dir='ltr'>ι(</span> <span class='ocrx_word' id='word_1_159' title='bbox 304 2085 414 2138; x_wconf 50' lang='lat' dir='ltr'>fixa„</span> 
     </span>
    </p>
   </div>
   <div class='ocr_carea' id='block_1_8' title="bbox 196 2103 1800 2898">
    <p class='ocr_par' dir='ltr' id='par_1_15' title="bbox 196 2103 1800 2898">
     <span class='ocr_line' id='line_1_27' title="bbox 197 2103 245 2141; baseline 0 0"><span class='ocrx_word' id='word_1_160' title='bbox 197 2103 245 2141; x_wconf 87' lang='lat'>25</span> 
     </span>
     <span class='ocr_line' id='line_1_28' title="bbox 327 2151 1799 2210; baseline -0.003 -14"><span class='ocrx_word' id='word_1_161' title='bbox 327 2168 391 2210; x_wconf 80' lang='lat'>23.</span> <span class='ocrx_word' id='word_1_162' title='bbox 423 2156 468 2196; x_wconf 85' lang='grc' dir='ltr'>τὸ</span> <span class='ocrx_word' id='word_1_163' title='bbox 500 2154 747 2209; x_wconf 51' lang='lat' dir='ltr'>“ummah&#39;’</span> <span class='ocrx_word' id='word_1_164' title='bbox 779 2154 1054 2207; x_wconf 88' lang='grc' dir='ltr'>μετάπλασις·</span> <span class='ocrx_word' id='word_1_165' title='bbox 1094 2154 1245 2205; x_wconf 76' lang='grc' dir='ltr'>ὤφειλε</span> <span class='ocrx_word' id='word_1_166' title='bbox 1276 2155 1351 2206; x_wconf 79' lang='grc' dir='ltr'>γὰρ</span> <span class='ocrx_word' id='word_1_167' title='bbox 1380 2152 1564 2205; x_wconf 84' lang='grc' dir='ltr'>τεταγώς.</span> <span class='ocrx_word' id='word_1_168' title='bbox 1614 2151 1799 2201; x_wconf 88' lang='grc' dir='ltr'>σημαίνει</span> 
     </span>
     <span class='ocr_line' id='line_1_29' title="bbox 266 2219 1800 2275; baseline -0.004 -9"><span class='ocrx_word' id='word_1_169' title='bbox 266 2226 308 2266; x_wconf 83' lang='grc' dir='ltr'>δὲ</span> <span class='ocrx_word' id='word_1_170' title='bbox 331 2225 375 2266; x_wconf 83' lang='grc' dir='ltr'>τὸ</span> <span class='ocrx_word' id='word_1_171' title='bbox 397 2226 607 2267; x_wconf 85' lang='grc' dir='ltr'>τετινακώς</span> <span class='ocrx_word' id='word_1_172' title='bbox 627 2225 690 2265; x_wconf 77' lang='grc' dir='ltr'>καὶ</span> <span class='ocrx_word' id='word_1_173' title='bbox 705 2223 876 2275; x_wconf 82' lang='grc' dir='ltr'>τινάξας.</span> <span class='ocrx_word' id='word_1_174' title='bbox 911 2224 1157 2273; x_wconf 78' lang='grc' dir='ltr'>κανονίζεται</span> <span class='ocrx_word' id='word_1_175' title='bbox 1175 2224 1216 2263; x_wconf 80' lang='grc' dir='ltr'>δὲ</span> <span class='ocrx_word' id='word_1_176' title='bbox 1231 2223 1366 2263; x_wconf 83' lang='grc' dir='ltr'>οὕτως·</span> <span class='ocrx_word' id='word_1_177' title='bbox 1391 2219 1582 2270; x_wconf 87' lang='grc' dir='ltr'>τινάσσω,</span> <span class='ocrx_word' id='word_1_178' title='bbox 1600 2221 1620 2260; x_wconf 89' lang='grc' dir='ltr'>ὁ</span> <span class='ocrx_word' id='word_1_179' title='bbox 1636 2219 1800 2271; x_wconf 88' lang='grc' dir='ltr'>μέλλων</span> 
     </span>
     <span class='ocr_line' id='line_1_30' title="bbox 266 2288 1797 2346; baseline -0.003 -12"><span class='ocrx_word' id='word_1_180' title='bbox 266 2293 424 2345; x_wconf 80' lang='grc' dir='ltr'>τινάξω,</span> <span class='ocrx_word' id='word_1_181' title='bbox 449 2295 469 2334; x_wconf 93' lang='lat'><em>6</em></span> <span class='ocrx_word' id='word_1_182' title='bbox 492 2295 780 2346; x_wconf 86' lang='grc' dir='ltr'>παρακείμενος</span> <span class='ocrx_word' id='word_1_183' title='bbox 803 2295 1005 2346; x_wconf 80' lang='grc' dir='ltr'>τετίναχα,</span> <span class='ocrx_word' id='word_1_184' title='bbox 1029 2294 1050 2332; x_wconf 91' lang='lat'><em>6</em></span> <span class='ocrx_word' id='word_1_185' title='bbox 1070 2291 1194 2343; x_wconf 87' lang='grc' dir='ltr'>μέσος</span> <span class='ocrx_word' id='word_1_186' title='bbox 1227 2291 1414 2342; x_wconf 79' lang='grc' dir='ltr'>τετίναγα</span> <span class='ocrx_word' id='word_1_187' title='bbox 1445 2290 1509 2330; x_wconf 90' lang='grc' dir='ltr'>καὶ</span> <span class='ocrx_word' id='word_1_188' title='bbox 1542 2290 1584 2330; x_wconf 90' lang='grc' dir='ltr'>ἐν</span> <span class='ocrx_word' id='word_1_189' title='bbox 1616 2288 1797 2344; x_wconf 85' lang='grc' dir='ltr'>συγκοπῇ</span> 
     </span>
     <span class='ocr_line' id='line_1_31' title="bbox 265 2356 1641 2415; baseline -0.003 -13"><span class='ocrx_word' id='word_1_190' title='bbox 265 2361 421 2415; x_wconf 83' lang='grc' dir='ltr'>τέταγα,</span> <span class='ocrx_word' id='word_1_191' title='bbox 445 2362 467 2412; x_wconf 87' lang='grc' dir='ltr'>ἡ</span> <span class='ocrx_word' id='word_1_192' title='bbox 490 2362 643 2415; x_wconf 80' lang='grc' dir='ltr'>μετοχὴ</span> <span class='ocrx_word' id='word_1_193' title='bbox 667 2363 688 2402; x_wconf 86' lang='grc' dir='ltr'>ὁ</span> <span class='ocrx_word' id='word_1_194' title='bbox 711 2362 886 2415; x_wconf 83' lang='grc' dir='ltr'>τεταγώς</span> <span class='ocrx_word' id='word_1_195' title='bbox 909 2362 973 2401; x_wconf 88' lang='grc' dir='ltr'>καὶ</span> <span class='ocrx_word' id='word_1_196' title='bbox 996 2362 1094 2400; x_wconf 77' lang='grc' dir='ltr'>κατὰ</span> <span class='ocrx_word' id='word_1_197' title='bbox 1114 2358 1370 2410; x_wconf 90' lang='grc' dir='ltr'>μετάπλασιν</span> <span class='ocrx_word' id='word_1_198' title='bbox 1393 2361 1415 2379; x_wconf 86' lang='grc'><strong>“</strong></span> <span class='ocrx_word' id='word_1_199' title='bbox 1431 2356 1641 2410; x_wconf 82' lang='grc' dir='ltr'>τεταγών”</span> 
     </span>
     <span class='ocr_line' id='line_1_32' title="bbox 196 2428 952 2487; baseline -0.003 -15"><span class='ocrx_word' id='word_1_200' title='bbox 196 2451 246 2487; x_wconf 87' lang='lat'>30</span> <span class='ocrx_word' id='word_1_201' title='bbox 327 2443 391 2481; x_wconf 84' lang='lat'>24.</span> <span class='ocrx_word' id='word_1_202' title='bbox 425 2428 535 2487; x_wconf 84' lang='grc' dir='ltr'>ἀνίη]</span> <span class='ocrx_word' id='word_1_203' title='bbox 561 2432 634 2477; x_wconf 81' lang='grc' dir='ltr'>εἴα,</span> <span class='ocrx_word' id='word_1_204' title='bbox 659 2431 952 2481; x_wconf 88' lang='grc' dir='ltr'>κατελίμπανεν</span> 
     </span>
     <span class='ocr_line' id='line_1_33' title="bbox 326 2493 1795 2553; baseline -0.005 -12"><span class='ocrx_word' id='word_1_205' title='bbox 326 2509 391 2552; x_wconf 81' lang='lat'>25.</span> <span class='ocrx_word' id='word_1_206' title='bbox 425 2498 593 2553; x_wconf 88' lang='grc' dir='ltr'>συνεχές</span> <span class='ocrx_word' id='word_1_207' title='bbox 615 2498 808 2552; x_wconf 85' lang='grc' dir='ltr'>λέγουσιν</span> <span class='ocrx_word' id='word_1_208' title='bbox 830 2500 867 2538; x_wconf 83' lang='grc' dir='ltr'>οἱ</span> <span class='ocrx_word' id='word_1_209' title='bbox 887 2497 1050 2550; x_wconf 89' lang='grc' dir='ltr'>ῥήτορες</span> <span class='ocrx_word' id='word_1_210' title='bbox 1074 2501 1118 2537; x_wconf 88' lang='grc' dir='ltr'>τὸ</span> <span class='ocrx_word' id='word_1_211' title='bbox 1139 2497 1192 2548; x_wconf 76' lang='grc' dir='ltr'>μὴ</span> <span class='ocrx_word' id='word_1_212' title='bbox 1216 2497 1272 2538; x_wconf 84' lang='grc' dir='ltr'>εἷς</span> <span class='ocrx_word' id='word_1_213' title='bbox 1296 2495 1394 2548; x_wconf 86' lang='grc' dir='ltr'>μέρη</span> <span class='ocrx_word' id='word_1_214' title='bbox 1425 2496 1488 2536; x_wconf 86' lang='grc' dir='ltr'>καὶ</span> <span class='ocrx_word' id='word_1_215' title='bbox 1513 2494 1669 2548; x_wconf 76' lang='grc' dir='ltr'>(κατὰ)</span> <span class='ocrx_word' id='word_1_216' title='bbox 1697 2493 1795 2547; x_wconf 89' lang='grc' dir='ltr'>μέρη</span> 
     </span>
     <span class='ocr_line' id='line_1_34' title="bbox 266 2563 1797 2619; baseline -0.003 -11"><span class='ocrx_word' id='word_1_217' title='bbox 266 2569 323 2617; x_wconf 83' lang='grc' dir='ltr'>ὅν,</span> <span class='ocrx_word' id='word_1_218' title='bbox 346 2568 456 2608; x_wconf 79' lang='grc' dir='ltr'>ἀλλὰ</span> <span class='ocrx_word' id='word_1_219' title='bbox 477 2568 519 2610; x_wconf 80' lang='grc' dir='ltr'>ἕν</span> <span class='ocrx_word' id='word_1_220' title='bbox 541 2585 577 2608; x_wconf 94' lang='grc' dir='ltr'>τι</span> <span class='ocrx_word' id='word_1_221' title='bbox 601 2568 665 2608; x_wconf 89' lang='grc' dir='ltr'>καὶ</span> <span class='ocrx_word' id='word_1_222' title='bbox 686 2568 931 2619; x_wconf 86' lang='grc' dir='ltr'>μονώτατον·</span> <span class='ocrx_word' id='word_1_223' title='bbox 976 2565 1107 2619; x_wconf 85' lang='grc' dir='ltr'>διεχές</span> <span class='ocrx_word' id='word_1_224' title='bbox 1139 2567 1179 2606; x_wconf 80' lang='grc' dir='ltr'>δὲ</span> <span class='ocrx_word' id='word_1_225' title='bbox 1212 2569 1256 2605; x_wconf 81' lang='grc' dir='ltr'>τὸ</span> <span class='ocrx_word' id='word_1_226' title='bbox 1283 2563 1578 2618; x_wconf 81' lang='grc' dir='ltr'>κεχωρισμένον</span> <span class='ocrx_word' id='word_1_227' title='bbox 1609 2564 1687 2603; x_wconf 80' lang='grc' dir='ltr'>ἀπὸ</span> <span class='ocrx_word' id='word_1_228' title='bbox 1719 2566 1797 2604; x_wconf 82' lang='grc' dir='ltr'>τῶν</span> 
     </span>
     <span class='ocr_line' id='line_1_35' title="bbox 265 2632 1795 2689; baseline -0.005 -11"><span class='ocrx_word' id='word_1_229' title='bbox 265 2637 405 2679; x_wconf 84' lang='grc' dir='ltr'>ἄλλων</span> <span class='ocrx_word' id='word_1_230' title='bbox 433 2635 497 2678; x_wconf 81' lang='grc' dir='ltr'>καὶ</span> <span class='ocrx_word' id='word_1_231' title='bbox 519 2637 574 2679; x_wconf 84' lang='grc' dir='ltr'>εἰς</span> <span class='ocrx_word' id='word_1_232' title='bbox 601 2636 698 2689; x_wconf 90' lang='grc' dir='ltr'>μέρη</span> <span class='ocrx_word' id='word_1_233' title='bbox 727 2634 1024 2688; x_wconf 88' lang='grc' dir='ltr'>μεμερισμένον·</span> <span class='ocrx_word' id='word_1_234' title='bbox 1059 2634 1215 2688; x_wconf 85' lang='grc' dir='ltr'>ἀδιεχές</span> <span class='ocrx_word' id='word_1_235' title='bbox 1244 2634 1312 2675; x_wconf 68' lang='grc' dir='ltr'>οὖν</span> <span class='ocrx_word' id='word_1_236' title='bbox 1333 2633 1478 2674; x_wconf 89' lang='grc' dir='ltr'>λοιπὸν</span> <span class='ocrx_word' id='word_1_237' title='bbox 1509 2633 1554 2673; x_wconf 86' lang='grc' dir='ltr'>τὸ</span> <span class='ocrx_word' id='word_1_238' title='bbox 1584 2632 1637 2683; x_wconf 79' lang='grc' dir='ltr'>μὴ</span> <span class='ocrx_word' id='word_1_239' title='bbox 1671 2649 1795 2685; x_wconf 90' lang='grc' dir='ltr'>κεχω-</span> 
     </span>
     <span class='ocr_line' id='line_1_36' title="bbox 265 2700 1796 2759; baseline -0.004 -11"><span class='ocrx_word' id='word_1_240' title='bbox 265 2706 468 2759; x_wconf 89' lang='grc' dir='ltr'>ρισμένον,</span> <span class='ocrx_word' id='word_1_241' title='bbox 501 2707 609 2746; x_wconf 82' lang='grc' dir='ltr'>ἀλλὰ</span> <span class='ocrx_word' id='word_1_242' title='bbox 639 2705 685 2746; x_wconf 81' lang='grc' dir='ltr'>τὸ</span> <span class='ocrx_word' id='word_1_243' title='bbox 717 2706 803 2746; x_wconf 77' lang='grc' dir='ltr'>οἷον</span> <span class='ocrx_word' id='word_1_244' title='bbox 835 2704 877 2745; x_wconf 79' lang='grc' dir='ltr'>ἕν</span> <span class='ocrx_word' id='word_1_245' title='bbox 909 2722 945 2745; x_wconf 95' lang='grc' dir='ltr'>τι</span> <span class='ocrx_word' id='word_1_246' title='bbox 979 2703 1024 2744; x_wconf 85' lang='grc' dir='ltr'>ὂν</span> <span class='ocrx_word' id='word_1_247' title='bbox 1057 2704 1119 2744; x_wconf 85' lang='grc' dir='ltr'>καὶ</span> <span class='ocrx_word' id='word_1_248' title='bbox 1149 2704 1395 2755; x_wconf 87' lang='grc' dir='ltr'>μονώτατον·</span> <span class='ocrx_word' id='word_1_249' title='bbox 1440 2700 1668 2753; x_wconf 86' lang='grc' dir='ltr'>συναιρέσει</span> <span class='ocrx_word' id='word_1_250' title='bbox 1699 2704 1796 2753; x_wconf 84' lang='grc' dir='ltr'>γοῦν</span> 
     </span>
     <span class='ocr_line' id='line_1_37' title="bbox 196 2761 1792 2830; baseline -0.005 -14"><span class='ocrx_word' id='word_1_251' title='bbox 196 2792 246 2830; x_wconf 83' lang='lat'>35</span> <span class='ocrx_word' id='word_1_252' title='bbox 267 2779 335 2816; x_wconf 81' lang='grc' dir='ltr'>τοῦ</span> <span class='ocrx_word' id='word_1_253' title='bbox 357 2776 377 2816; x_wconf 80' lang='grc' dir='ltr'><em>ἶ</em></span> <span class='ocrx_word' id='word_1_254' title='bbox 399 2776 463 2816; x_wconf 87' lang='grc' dir='ltr'>καὶ</span> <span class='ocrx_word' id='word_1_255' title='bbox 486 2783 502 2815; x_wconf 83' lang='grc' dir='ltr'>ἓ</span> <span class='ocrx_word' id='word_1_256' title='bbox 527 2776 582 2817; x_wconf 84' lang='grc' dir='ltr'>εἷς</span> <span class='ocrx_word' id='word_1_257' title='bbox 604 2781 627 2825; x_wconf 92' lang='grc' dir='ltr'>ῆ</span> <span class='ocrx_word' id='word_1_258' title='bbox 651 2775 804 2828; x_wconf 85' lang='grc' dir='ltr'>γίνεται</span> <span class='ocrx_word' id='word_1_259' title='bbox 827 2772 985 2826; x_wconf 83' lang='grc' dir='ltr'>ἇδηχές·</span> <span class='ocrx_word' id='word_1_260' title='bbox 1022 2774 1107 2814; x_wconf 86' lang='grc' dir='ltr'>ἐπεὶ</span> <span class='ocrx_word' id='word_1_261' title='bbox 1124 2775 1165 2814; x_wconf 79' lang='grc' dir='ltr'>δὲ</span> <span class='ocrx_word' id='word_1_262' title='bbox 1181 2773 1302 2823; x_wconf 76' lang='grc' dir='ltr'>οἶδας,</span> <span class='ocrx_word' id='word_1_263' title='bbox 1318 2772 1378 2811; x_wconf 84' lang='grc' dir='ltr'>ὅτι</span> <span class='ocrx_word' id='word_1_264' title='bbox 1395 2770 1439 2811; x_wconf 84' lang='grc' dir='ltr'>τὸ</span> <span class='ocrx_word' id='word_1_265' title='bbox 1463 2771 1487 2820; x_wconf 82' lang='grc' dir='ltr'><em>ζ</em></span> <span class='ocrx_word' id='word_1_266' title='bbox 1502 2770 1566 2810; x_wconf 87' lang='grc' dir='ltr'>καὶ</span> <span class='ocrx_word' id='word_1_267' title='bbox 1589 2769 1632 2809; x_wconf 84' lang='grc' dir='ltr'>τὸ</span> <span class='ocrx_word' id='word_1_268' title='bbox 1655 2761 1674 2810; x_wconf 81' lang='grc' dir='ltr'>δ</span> <span class='ocrx_word' id='word_1_269' title='bbox 1698 2785 1792 2821; x_wconf 85' lang='grc' dir='ltr'>συγ-</span> 
     </span>
     <span class='ocr_line' id='line_1_38' title="bbox 267 2833 1557 2898; baseline -0.002 -14"><span class='ocrx_word' id='word_1_270' title='bbox 267 2844 425 2898; x_wconf 80' lang='grc' dir='ltr'>γένειαν</span> <span class='ocrx_word' id='word_1_271' title='bbox 458 2844 610 2898; x_wconf 80' lang='grc' dir='ltr'>ἔχουσι,</span> <span class='ocrx_word' id='word_1_272' title='bbox 633 2843 817 2896; x_wconf 86' lang='grc' dir='ltr'>τρέπεται</span> <span class='ocrx_word' id='word_1_273' title='bbox 848 2842 893 2883; x_wconf 84' lang='grc' dir='ltr'>τὸ</span> <span class='ocrx_word' id='word_1_274' title='bbox 920 2833 946 2883; x_wconf 77' lang='grc' dir='ltr'>δ</span> <span class='ocrx_word' id='word_1_275' title='bbox 979 2843 1034 2885; x_wconf 86' lang='grc' dir='ltr'>εἰς</span> <span class='ocrx_word' id='word_1_276' title='bbox 1068 2833 1093 2891; x_wconf 66' lang='grc' dir='ltr'>ξ’</span> <span class='ocrx_word' id='word_1_277' title='bbox 1118 2842 1181 2882; x_wconf 84' lang='grc' dir='ltr'>καὶ</span> <span class='ocrx_word' id='word_1_278' title='bbox 1202 2842 1354 2894; x_wconf 81' lang='grc' dir='ltr'>γίνεται</span> <span class='ocrx_word' id='word_1_279' title='bbox 1376 2838 1557 2892; x_wconf 68' lang='grc' dir='ltr'>ςἆιζηχές’</span> 
     </span>
    </p>
   </div>
   <div class='ocr_carea' id='block_1_9' title="bbox 431 2970 1628 3019">
    <p class='ocr_par' dir='ltr' id='par_1_16' title="bbox 431 2970 1628 3019">
     <span class='ocr_line' id='line_1_39' title="bbox 431 2970 1628 3019; baseline -0.007 -10"><span class='ocrx_word' id='word_1_280' title='bbox 431 2987 478 3009; x_wconf 87' lang='lat'>12.</span> <span class='ocrx_word' id='word_1_281' title='bbox 505 2978 520 3008; x_wconf 84' lang='grc' dir='ltr'>ὁ</span> <span class='ocrx_word' id='word_1_282' title='bbox 539 2978 673 3019; x_wconf 85' lang='lat' dir='ltr'>scripsi:</span> <span class='ocrx_word' id='word_1_283' title='bbox 699 2978 739 3008; x_wconf 75' lang='grc' dir='ltr'>ὡς</span> <span class='ocrx_word' id='word_1_284' title='bbox 767 2980 777 3014; x_wconf 84' lang='grc' dir='ltr'>Η</span> <span class='ocrx_word' id='word_1_285' title='bbox 808 2985 855 3017; x_wconf 81' lang='lat'>13.</span> <span class='ocrx_word' id='word_1_286' title='bbox 874 2982 1047 3018; x_wconf 72' lang='lat' dir='ltr'>‘perverse</span> <span class='ocrx_word' id='word_1_287' title='bbox 1063 2976 1164 3007; x_wconf 66' lang='lat' dir='ltr'>schol.</span> <span class='ocrx_word' id='word_1_288' title='bbox 1184 2973 1334 3014; x_wconf 70' lang='grc' dir='ltr'>κρυπτειν</span> <span class='ocrx_word' id='word_1_289' title='bbox 1351 2984 1408 3014; x_wconf 81' lang='lat' dir='ltr'>pro</span> <span class='ocrx_word' id='word_1_290' title='bbox 1425 2970 1567 3003; x_wconf 76' lang='grc' dir='ltr'>κύπτειν’</span> <span class='ocrx_word' id='word_1_291' title='bbox 1586 2971 1628 3001; x_wconf 90' lang='lat' dir='ltr'>W</span> 
     </span>
    </p>
   </div>
  </div>
 </body>
</html>
