1939 3227
195 859 242 885 10

196 1201 242 1238 15

197 1550 245 1576 20

202 1986 249 2024 25

202 2331 252 2367 30

205 2671 256 2709 35

259 107 344 147 504
816 108 1044 146 ΙΛΙΑΔΟΣ
1078 109 1118 145 Γ.
1151 103 1237 159 (3)

258 222 302 261 δὲ
334 222 610 273 προκόσμημα·
643 221 822 274 γίνονται
850 222 925 274 γὰρ
949 221 1014 261 ἐπὶ
1042 224 1120 260 τῶν
1142 218 1470 271 περικεφαλαίων
1492 218 1669 270 λαμπροί
1690 234 1794 260 τινες

258 289 352 340 ἧλοι
377 288 494 330 ἕνεκα
522 288 867 341 προκοσμήματος.
909 291 931 308 “
949 287 1118 340 φάλον”
1143 288 1185 328 δὲ
1215 290 1259 326 τὸ
1280 288 1477 338 λαμπρόν·
1512 288 1694 327 ἐντεῦθεν
1715 291 1793 338 φα-

257 359 406 410 λακρός
431 359 451 398 ὁ
475 358 579 411 ἔχων
602 358 755 411 φαλιδν
776 357 821 398 τὸ
845 356 944 411 κάρα
966 357 1055 396 A:

317 427 413 481 365.
447 424 690 483 ὀλοώτερος]
717 427 806 478 ἐμοί

318 494 415 550 368.
448 493 588 552 ἠίχθη]
613 494 822 547 διέδραμεν
997 493 1171 547 ἔβαλον]
1195 492 1409 534 ἀπέκτεινα

319 573 418 618 371.
450 562 539 620 μίν]
564 564 632 605 τὸν
656 562 924 615 Ἀλέξανδρον
1101 570 1198 616 372.
1231 560 1368 618 ὀχεύς]
1394 562 1617 613 σύνδεσμος

318 634 415 688 376.
449 631 577 690 κεινή]
604 633 695 684 κενὴ
720 631 858 675 Ἰακῶς
1034 629 1200 687 παχείῃ]
1225 631 1271 687 τῇ
1297 632 1443 685 ἰσχυρᾷ

320 703 416 757 384.
448 699 604 757 Τρῳαί]
623 702 798 754 Τρωικαὶ
821 703 1005 754 γυναῖκες
1180 699 1276 753 385.
1310 697 1539 755 νεκταρέου]
1567 700 1675 740 θείου

450 768 585 827 ἑανοῦ]
609 773 763 818 λευκοῦ,
789 769 895 821 παρὰ
917 768 961 808 τὸ
982 767 1172 809 ἕννυσθαι
1194 769 1216 807 ὅ
1238 769 1352 809 ἐστιν
1375 768 1584 809 ἐνδύεσθαι

320 840 418 893 387.
452 836 667 894 εἶροπόκῳ]
693 837 892 891 γράφεται
915 842 935 859 “
955 837 1147 891 εἰροκόμῳ
1161 836 1184 850 ”

321 908 417 963 388.
450 905 610 963 ἤσκειν]
628 906 831 960 εἰργάζετο
939 909 984 946 τὸ
997 907 1103 959 ῥῆμα
1121 907 1230 945 ἀσκῶ
1248 906 1435 956 σημαίνει
1457 905 1501 945 τὸ
1523 904 1622 956 μετὰ
1640 907 1796 945 πολλοῦ

262 978 386 1019 πόνου
421 977 484 1018 καὶ
521 977 646 1017 κόπου
678 975 929 1029 ἐργάζεσθαι.
977 975 1243 1026 παρατατικὸς
1276 973 1424 1025 ἦσκεον
1455 973 1605 1024 ἤσκουν
1638 972 1798 1023 ἥσκεεν·

263 1045 327 1087 καὶ
367 1050 411 1086 τὸ
452 1048 474 1087 ἶ)
516 1044 809 1098 ἐφελκυστικδν
845 1045 996 1097 γίνεται
1038 1046 1081 1084 ἐν
1117 1045 1169 1098 τῷ
1208 1044 1327 1097 τρίτῳ
1370 1043 1585 1098 προσώπῳ,
1629 1043 1796 1083 ἔτυπτεν

265 1116 417 1168 ἔλεγεν,
441 1116 564 1157 οὕτως
585 1114 731 1165 ἤσκεεν
755 1114 818 1154 καὶ
842 1115 941 1153 κατὰ
964 1113 1198 1164 συναίρεσιν
1220 1116 1240 1131 “
1258 1111 1400 1161 ἤσκειν
1413 1112 1434 1126 ”

322 1196 417 1238 399.
450 1180 651 1238 δαιμονίη]
675 1183 850 1234 μακαρία
1024 1193 1123 1230 400.
1157 1178 1354 1236 προτέρω]
1380 1179 1613 1233 πορρωτέρω

321 1266 419 1303 401.
451 1249 654 1308 Μῃονίης]
679 1252 837 1293 Λυδίας·
872 1251 1050 1292 Μαίονες
1072 1251 1147 1302 γὰρ
1171 1251 1387 1289 ἐκαλοῦντο
1410 1251 1447 1290 οἱ
1471 1250 1594 1290 Λυδοί
1614 1248 1701 1292 A÷

322 1323 420 1372 406.
452 1318 644 1376 ἀπόειπε]
667 1319 899 1371 ἅπάρνησαι
1076 1318 1306 1370 κελεύθους]
1329 1318 1398 1360 τὰς
1419 1318 1518 1369 μετὰ
1541 1321 1643 1359 θεῶν

322 1391 421 1440 408.
454 1387 580 1446 ὀίζυε]
606 1387 825 1429 κακοπάθει
999 1396 1098 1439 415.
1128 1385 1362 1440 ἀπεχθήρω]
1383 1385 1545 1437 μισήσω

324 1473 421 1513 419.
456 1454 758 1513 κατασχομένη]
784 1454 1146 1508 κατακαλυψαμένη
1266 1453 1428 1511 α’ργῆτι]
1454 1455 1622 1509 λαμπρῷ
1644 1456 1771 1510 λευκῷ

323 1541 422 1579 420.
458 1524 573 1583 ἦρχε]
598 1529 812 1579 προηγεῖτο
931 1533 1029 1576 427.
1057 1522 1251 1580 ἠνίπαπε]
1277 1525 1580 1577 ἐκακολόγησεν
1603 1538 1680 1565 ree.

324 1597 422 1652 438.
458 1593 613 1651 ἔνιπτε]
639 1596 859 1645 ἐπίπληττε

324 1677 422 1718 447.
456 1665 556 1718 ἄρχε
577 1664 755 1718 λέχοσδε
779 1660 867 1719 ἰών]
892 1666 1107 1716 προηγεῖτο
1130 1665 1198 1713 τῆς
1221 1662 1286 1703 ἐπὶ
1310 1663 1444 1712 κοίτην
1466 1663 1558 1702 ὁδοῦ

325 1744 425 1787 457.
457 1733 632 1788 φαίνετ’]
656 1732 913 1785 ὡμολόγηται
1088 1740 1185 1783 459.
1218 1728 1354 1787 τιμήν]
1380 1731 1602 1783 πρόστιμον

1013 1881 1062 1918 Δ.

328 1980 367 2023 5.
400 1969 582 2022 ἐζήτηται
614 1970 661 2011 δι’
685 1968 734 2020 ἣν
756 1969 887 2010 αἰτίαν
911 1968 955 2009 οὗ
978 1968 1148 2020 πάρεστι
1181 1967 1423 2019 Γανυμήδης,
1446 1967 1500 2008 ὢν
1522 1968 1705 2021 οἰνοχόος
1733 1970 1802 2007 τοῦ

273 2041 383 2083 Διός.
421 2041 521 2082 ἔνιοι
542 2041 615 2091 μὲν
637 2039 706 2079 οὗν
724 2044 863 2091 φασιν,
882 2039 943 2078 ὅτι
962 2037 1060 2079 Διὸς
1075 2038 1199 2088 μόνου
1217 2036 1272 2078 ὢν
1288 2036 1470 2079 διάκονος
1487 2037 1556 2077 οὐκ
1575 2035 1668 2087 ἐξῆν
1687 2035 1804 2076 αὐτὸν

272 2112 411 2151 κοινῶς
433 2111 559 2149 πᾶσιν
582 2110 800 2160 οἰνοχοεῖν·
844 2106 867 2157 ἡ
901 2108 944 2147 δὲ
960 2105 1077 2157 ’Ήβη
1103 2107 1291 2159 εὐλόγως,
1309 2107 1369 2146 ὅτι
1393 2106 1504 2156 κοινὴ
1529 2105 1654 2146 πᾶσίν
1677 2106 1802 2145 ἐστιν.

272 2178 371 2219 ἔνιοι
388 2176 432 2218 δέ
447 2182 588 2229 φασιν,
604 2178 665 2217 ὅτι
684 2175 870 2228 σκέψεως
887 2176 976 2227 περὶ
994 2177 1063 2226 τῆς
1081 2174 1206 2215 Ἰλίου
1222 2173 1455 2227 πορθήσεως
1469 2173 1681 2227 γινομένης
1699 2173 1803 2214 εὐοι-

274 2245 500 2298 κονομήτως
521 2246 668 2286 ἄπεστι
699 2248 768 2285 τοῦ
801 2244 1020 2295 συνεδρίου,
1053 2245 1119 2284 ἵνα
1149 2244 1271 2292 μηδὲν
1303 2244 1483 2284 ἐναντίον
1513 2242 1690 2295 γένηται,
1710 2241 1801 2295 <εἶ>

273 2316 338 2355 διὰ
360 2315 432 2365 τὴν
454 2318 551 2366 πρὸς
571 2313 690 2354 αὐτὸν
711 2313 830 2366 χάριν
849 2313 972 2363 μόνον
995 2310 1148 2361 δόξειεν
1171 2311 1413 2360 οἰκτίζεσθαι
1434 2310 1525 2350 A—

447 2382 511 2422 διὰ
533 2383 572 2422 τί
593 2384 635 2422 δὲ
656 2382 764 2435 μόνῳ
782 2382 835 2435 τῷ
860 2381 928 2420 Διὶ
950 2378 1181 2429 Γανυμήδης
1212 2380 1428 2431 ὑπηρετεῖς
1468 2379 1533 2419 καί
1565 2383 1708 2430 φαμεν,
1745 2379 1805 2419 ὅτι

274 2451 427 2492 ἅπασιν
438 2449 554 2502 ”Ηβη
579 2453 764 2499 διακονεῖ,
783 2449 870 2489 ἐπεὶ
892 2452 936 2488 τὸ
955 2451 1063 2488 θεῖον
1087 2447 1146 2488 ἀεὶ
1165 2447 1294 2497 νεάζει
1318 2465 1361 2488 τε
1384 2448 1447 2488 καὶ
1469 2447 1571 2501 ἡβᾷ·
1594 2450 1709 2487 τοῦτο
1730 2449 1806 2500 γὰρ

273 2520 467 2571 βούλεται
490 2519 622 2560 αὐτοῖς
643 2518 668 2568 ἤ
697 2534 739 2559 τε
771 2517 975 2569 ἀμβροσία
1009 2516 1243 2570 <ἀβροσία>
1279 2533 1337 2558 τις
1364 2516 1465 2556 οῦσα
1497 2516 1561 2556 καὶ
1592 2515 1636 2556 τὸ
1669 2514 1807 2567 νέκταρ

276 2590 382 2641 παρὰ
403 2592 447 2628 τὸ
470 2586 623 2637 νεάζειν
643 2584 919 2640 γεγενημένον·
954 2584 1184 2635 Γανυμήδης
1215 2587 1257 2626 δὲ
1289 2586 1476 2635 ὑπηρετεῖ
1505 2585 1611 2639 μόνῳ
1644 2586 1697 2638 τῷ
1727 2584 1807 2634 Διί,

277 2658 337 2698 ὅτι
361 2658 381 2697 ὁ
401 2658 475 2708 μὲν
503 2656 602 2698 Ζεὺς
631 2656 652 2695 ὁ
684 2655 837 2707 πρῶτός
869 2655 957 2694 ἐστι
990 2657 1091 2702 νοῦς,
1114 2654 1235 2704 μόνος
1268 2655 1310 2694 δὲ
1343 2657 1433 2695 νοῦς
1465 2654 1612 2694 οἰκεῖον
1644 2652 1731 2706 ἔχει
1762 2652 1807 2692 τὸ

277 2729 359 2768 τοῖς
379 2724 525 2777 μήδεσι
548 2723 757 2778 γάνυσθαι·
801 2725 916 2763 τοῦτο
938 2721 1013 2775 γὰρ
1037 2723 1057 2762 ὁ
1080 2721 1310 2773 Γανυμήδης
1332 2722 1422 2761 A:

323 2819 350 2849 3.
368 2808 474 2849 φαλὸν
487 2809 529 2847 A,
543 2807 677 2848 φάλειον
696 2811 707 2845 [l
726 2818 755 2848 4.
770 2805 957 2846 διατρυφθέν
975 2806 1016 2836 ad
1031 2805 1219 2845 διατρυφθεν
1235 2806 1310 2847 (sic)
1326 2805 1387 2845 363
1401 2805 1604 2846 adscriptum
1621 2805 1714 2835 omisi
1727 2807 1738 2842 ΙΙ
1759 2804 1806 2836 16

279 2852 390 2891 Λυδιης
407 2856 419 2890 Η
443 2859 490 2892 17.
508 2851 684 2892 ἀπάρνησαι
702 2852 756 2883 D:
773 2849 962 2889 ἀπεῖργασαι
990 2854 1002 2888 ll
1034 2850 1083 2880 18.
1102 2849 1288 2879 κακοπαθεις
1307 2852 1318 2886 Η
1340 2858 1389 2889 25.
1407 2848 1614 2887 Γαννυμήδης,
1632 2852 1669 2879 ut
1686 2848 1773 2878 infra
1793 2851 1804 2886 ΙΙ

281 2905 330 2936 29.
346 2895 461 2926 ἄπεστι
478 2896 564 2928 AD:
584 2894 705 2935 ἀπέστη
725 2899 736 2933 ΙΙ
756 2904 807 2934 30.
825 2892 923 2933 μόνον
938 2893 996 2923 W:
1017 2892 1112 2930 μόνος
1129 2893 1170 2930 D,
1187 2892 1271 2931 μόνῳ
1290 2895 1302 2930 Η
1321 2891 1438 2931 δόξειεν
1455 2892 1607 2933 suppleto
1621 2891 1647 2921 εἷ
1662 2892 1714 2927 W,
1733 2890 1807 2930 δόξῃ

279 2941 333 3012 D6:
351 2939 435 2979 δείξῃ
455 2938 534 3012 Ηθὸτι
552 2939 648 2970 omisi
664 2944 739 2970 ante
756 2939 836 2970 οἶκτ.
852 2948 906 2969 :rt
924 2937 956 2967 D
975 2939 987 2974 ΙΙ
1007 2944 1056 2975 33.
1075 2937 1226 2977 supplevi
1243 2947 1283 2966 ex
1300 2936 1373 2967 ΑΒ2
1377 2937 1408 2966 D
1427 2938 1439 2973 Η
1464 2944 1516 2976 34.
1535 2933 1772 2975 ’γεγεννημένον
1791 2937 1804 2974 ΙΙ

281 2991 298 3020 3
350 2981 471 3023 ’γάννυσ
493 2994 522 3013 αι
