1939 3227
295 124 381 163 524
855 127 1079 164 ΙΛΙΑΔΟΣ
1114 128 1142 165 1.
1175 123 1267 180 (9)

296 238 406 275 τικοῢ
428 237 568 287 φόνου·
602 236 647 277 οὐ
663 238 739 289 γὰρ
762 238 818 279 εἷς
841 236 888 287 ἧν
905 237 925 276 6
947 237 1190 293 ἀνῃρημένος
1212 239 1280 287 τῆς
1294 236 1489 279 Ἀλθαίας
1511 237 1700 289 ἀδελφός,
1718 236 1826 278 ἀλλὰ

296 304 473 354 πλείους,
490 304 679 357 Ἴφικλος
701 306 971 358 Πολυφόντης
993 305 1130 357 Φάνης
1153 306 1385 358 Εὐρύπυλος
1407 304 1650 357 Πλήξιππος
1672 308 1755 350 Α-Ι-

354 373 453 424 568.
490 372 690 430 <ἀλοία>]
733 374 940 426 ἔπληττεν·
974 373 1021 425 ἐξ
1054 375 1098 415 οὗ
1136 373 1199 415 καὶ
1235 376 1482 427 πατραλοίας
1518 376 1538 414 6
1571 374 1641 415 τὸν
1677 374 1828 427 πατέρα

294 441 462 482 τύπτων.
511 442 695 496 εὔχονται
729 444 772 484 δὲ
806 444 843 483 οἱ
875 443 1000 495 ἥρωες
1037 447 1121 485 τοῖς
1157 445 1230 494 μὲν
1264 443 1461 496 οὐρανίοις
1498 446 1604 485 θεοῖς
1640 443 1720 483 ἄνω
1757 445 1827 485 τὰς

251 522 274 560 5
293 513 430 563 χεῖρας
453 511 692 565 ἀνίσχοντες
716 510 785 567 (Il.
811 512 847 551 8.
872 510 986 566 347),
1005 515 1087 554 τοῖς
1109 514 1152 552 δὲ
1175 513 1417 554 θαλασσίοις
1439 513 1495 554 εἷς
1517 512 1589 562 τὴν
1611 510 1827 552 θάλασσαν

293 577 362 634 (Il.
391 592 425 619 1.
449 579 565 635 351),
587 583 669 623 τοῖς
691 583 733 621 δὲ
756 582 1037 633 καταχθονίοις
1060 581 1273 623 κόπτοντες
1294 580 1366 631 τὴν
1386 583 1463 634 γῆν
1485 583 1566 626 A÷

351 648 448 688 608.
481 645 597 705 αἴσῃ]
621 648 824 700 βουλήσει
1002 649 1099 688 610.
1132 646 1280 704 ὀρώρῃ]
1306 651 1460 700 κινῆται

352 716 449 758 622.
483 715 664 773 κλισίης]
692 720 761 768 τῆς
786 719 936 768 σκηνῆς
1056 718 1153 771 636.
1185 715 1347 774 ποινήν]
1372 717 1601 760 ἇντέκτισιν

351 786 445 839 638.
479 785 583 839 οἵης]
604 784 628 837 ἢ
649 788 785 838 μόνης,
807 784 830 837 ἢ
854 787 995 828 ὁποίας
1019 786 1102 827 κατ’
1125 787 1328 839 εἰρωνείαν

225 873 272 898 10
351 853 447 907 639.
480 850 625 911 θυμόν]
648 854 787 908 ψυχήν

351 923 448 974 645.
479 922 609 964 πάντα
629 940 697 974 μοι
720 924 1024 974 καθεστηκότως
1046 922 1186 973 ἔδοξας
1208 923 1406 976 εἰρηκέναι
1430 927 1517 963 A·-

350 992 447 1042 646.
484 991 713 1045 <οἶδάνεται
756 989 948 1048 κραδίη>]
987 993 1029 1032 ἐκ
1070 995 1301 1044 μεταφορᾶς
1341 994 1410 1042 τῆς
1446 994 1692 1045 φλεγμονῆς,
1728 992 1825 1044 ὅπερ

292 1062 438 1112 οἴδημα
459 1064 658 1113 καλοῦμεν

350 1131 447 1181 647.
481 1127 717 1186 ἀσύφηλον]
742 1131 933 1181 ἀδόκιμον
1052 1130 1148 1179 648.
1181 1127 1453 1185 μετανάστην]
1482 1129 1641 1183 φυγάδα

226 1216 270 1254 15
351 1200 448 1251 657.
484 1196 749 1255 σπείσαντες]
775 1199 968 1241 θύσαντες
1063 1199 1162 1239 668.
1192 1197 1379 1255 Ἐνυῆος]
1402 1201 1486 1242 υἱὸς
1509 1199 1710 1240 Διονύσου
1727 1199 1817 1239 A:

350 1267 448 1317 684.
481 1265 865 1323 παραμυθήσασθαι]
892 1268 1200 1320 προτρέψασθαι
1318 1268 1413 1308 686.
1439 1265 1548 1324 ἕθεν]
1567 1268 1719 1309 ἐκείνου

350 1338 445 1390 695.
477 1333 697 1393 τετιηότες]
720 1336 965 1387 λυπούμενοι
983 1339 1014 1376 Α
1027 1355 1067 1371 =

350 1406 443 1459 698.
477 1405 644 1458 ὄφελες]
666 1408 744 1446 τῶν
763 1404 922 1446 Ἰώνων·
956 1403 1019 1446 καὶ
1041 1405 1109 1445 οὐκ
1132 1403 1293 1455 αὔξεται

1037 1575 1084 1613 Κ.

223 1671 272 1697 20
351 1653 456 1704 Αὕτη
487 1652 510 1703 ἡ
544 1653 733 1707 ῥαψῳδία
770 1651 1036 1705 ἐπιγράφεται
1068 1654 1346 1706 Νυκτεγερσία
1377 1654 1442 1693 διὰ
1472 1652 1516 1693 τὸ
1548 1652 1696 1706 νύκτωρ
1728 1655 1825 1695 ε’πα-

293 1721 516 1765 ναστάντας
545 1721 635 1764 τοὺς
657 1721 834 1774 πρώτους
866 1725 944 1761 τῶν
963 1720 1175 1772 Ἑλλήνων
1205 1723 1480 1765 κατασκόπους
1508 1721 1668 1775 πέμψαι
1688 1723 1826 1779 γνώμῃ

292 1791 499 1844 Νέστορος
523 1790 704 1842 Διομήδη
729 1791 793 1831 καὶ
813 1789 1021 1831 Ὀδυσσέα
1043 1793 1128 1830 A:

353 1873 391 1903 2.
424 1861 584 1903 εἰκότως
614 1864 635 1881 “
654 1858 812 1902 εὗδον·”
844 1860 1055 1912 ἀμφότερα
1085 1861 1161 1913 γὰρ
1193 1860 1317 1900 ὕπνου
1349 1858 1499 1913 ἀγωγά,
1534 1858 1597 1900 καὶ
1629 1861 1650 1900 6
1682 1861 1724 1901 ἐκ
1759 1861 1825 1910 τῆς

290 1929 422 1983 μάχης
445 1928 616 1981 κάματος
638 1929 702 1969 καὶ
728 1927 751 1979 ἡ
777 1927 842 1969 ἐπὶ
865 1930 910 1984 τῇ
933 1928 1030 1984 ἥττῃ
1053 1930 1250 1980 δυσθυμία

224 2016 271 2052 25
425 1995 717 2055 <παννύχιοι>]
742 1998 832 2051 οὐχὶ
857 1996 907 2039 δι’
926 1999 1024 2049 ὅλης
1046 2000 1114 2048 τῆς
1136 1998 1285 2047 νυκτός,
1303 1999 1412 2038 ἀλλὰ
1432 1997 1477 2038 τὸ
1499 2000 1695 2039 πλεῖστον
1709 1996 1826 2050 μέρος

292 2069 359 2117 τῆς
381 2068 531 2110 νυκτός.
570 2069 685 2108 εἴωθε
708 2068 786 2120 γὰρ
814 2068 833 2106 6
850 2065 1032 2119 ’Όμηρος
1053 2066 1098 2107 τὸ
1120 2070 1140 2087 “
1155 2067 1369 2119 παννύχιοι
1386 2064 1405 2080 ”
1426 2067 1490 2107 καὶ
1513 2070 1533 2087 “
1552 2065 1787 2118 πανημέριοι
1801 2065 1823 2080 ”

291 2135 442 2178 τιθέναι
479 2137 543 2177 καὶ
580 2137 645 2177 ἐπὶ
681 2140 760 2178 τῶν
794 2137 893 2176 κατὰ
928 2135 1058 2188 μέρος·
1101 2139 1122 2157 “
1142 2135 1353 2189 παννύχιοι
1383 2136 1457 2186 μὲν
1489 2134 1627 2176 ἔπειτα
1658 2151 1823 2187 καρηκο-

291 2206 466 2257 μόωντες
486 2204 682 2259 Ἀχαιοί”
706 2203 778 2260 (ΙΙ.
804 2215 840 2257 7.
863 2203 980 2260 476)·
1003 2207 1025 2226 “
1042 2204 1078 2245 οἳ
1105 2206 1146 2245 δὲ
1169 2203 1406 2257 πανημέριοι
1427 2205 1562 2260 μολπῇ
1587 2203 1680 2246 θεὸν
1702 2203 1821 2244 ἱλάσ-

293 2273 443 2314 κοντο”
467 2272 538 2329 (Il.
566 2286 600 2313 Ι.
623 2272 727 2329 472)
750 2277 830 2313 Β-

224 2361 274 2396 30
352 2342 388 2382 8.
421 2341 467 2392 ἠέ
489 2339 601 2397 ποθι]
624 2340 647 2392 ἦ
671 2341 716 2392 δή
738 2341 827 2380 Α-
1013 2338 1288 2395 πευκεδανοῖο]
1312 2343 1452 2392 πικροῦ
1473 2354 1551 2380 ree.
1574 2343 1656 2384 A÷

355 2422 416 2452 12.
449 2410 613 2463 ἀπορία]
643 2414 725 2452 πῶς
752 2410 862 2452 ἐντὸς
895 2413 962 2449 τοῦ
986 2410 1144 2462 τείχους
1174 2406 1403 2462 [ὑπάρχωμ
1425 2410 1444 2449 6
1473 2408 1734 2461 Ἀγαμέμνων
1756 2409 1823 2455 [τὰ

293 2479 417 2536 πυρὰ]
438 2478 642 2530 ἐθαύμαζε,
655 2479 728 2529 τὴν
749 2478 916 2532 [ἀρχὴν]
934 2479 1032 2529 μηδὲ
1054 2477 1221 2529 βλέπων
1242 2478 1361 2524 [αὐτὰ
1378 2478 1442 2519 διὰ
1464 2481 1532 2518 τοῦ
1554 2480 1735 2532 τείχους,·
1760 2479 1824 2519 καὶ

291 2547 446 2602 ῥητέον,
495 2548 557 2588 ὅτι
602 2548 622 2587 ὁ
675 2547 873 2599 βασιλεὺς
925 2546 1188 2599 ὑψηλοτάτην
1233 2547 1318 2600 εἶχε
1359 2546 1523 2598 σκηνήν,
1566 2547 1615 2589 ἵν’
1653 2547 1825 2601 εὐχερῶς

294 2619 457 2669 θεωρεῖν
478 2615 609 2657 πάντα
631 2616 811 2672 δύνηται]
836 2619 919 2655 A=

224 2699 274 2738 35
357 2698 420 2739 13.
453 2683 692 2742 ἀνθρώπων]
719 2684 895 2739 ᾀδόντων
993 2685 1057 2724 16.
1089 2684 1209 2737 ὑψόθ’
1233 2685 1338 2726 ἐόντι
1362 2682 1451 2741 Διί]
1477 2683 1816 2737 ὀδυρόμενοςΑΞ

354 2767 420 2806 24.
452 2752 684 2810 ποδηνεκές]
707 2754 824 2808 μέχρι
849 2757 981 2795 ποδῶν
1004 2756 1175 2805 καθῆκον

341 2865 369 2887 2.
387 2854 599 2895 Πολυφάντης
615 2859 652 2886 ut
669 2856 735 2886 AD
760 2858 771 2893 ΙΙ
798 2864 826 2894 3.
844 2852 880 2885 οὗ
895 2855 1027 2895 scripsi:
1053 2859 1071 2884 17
1087 2856 1151 2896 legi
1178 2859 1189 2894 ΙΙ
1218 2863 1246 2897 7.
1270 2855 1403 2887 κινεῖται
1432 2858 1443 2893 ΙΙ
1472 2863 1519 2885 11.
1537 2852 1736 2894 καθηκόντως
1752 2854 1783 2884 D
1807 2857 1819 2891 ΙΙ

299 2909 348 2930 20.
368 2898 415 2929 διὰ
438 2898 476 2929 τὸ
501 2900 628 2930 omittit
652 2900 685 2930 A
711 2903 723 2937 Η
750 2908 801 2939 30.
819 2898 854 2937 ἠὲ
873 2899 908 2929 in
923 2902 1017 2929 textu
1035 2900 1172 2930 novavit
1189 2910 1251 2931 sec.
1267 2911 1273 2931 :
1298 2898 1318 2937 ἢ
1335 2910 1381 2940 pr.
1402 2902 1413 2937 ΙΙ
1434 2908 1483 2938 31,
1496 2907 1546 2937 32.
1563 2898 1714 2938 supplevi
1732 2908 1770 2927 ex
1787 2898 1820 2927 A

297 2954 383 2984 quae
398 2943 587 2983 bibliopega
599 2943 741 2974 resecuit
761 2947 772 2981 ΙΙ
795 2951 846 2981 32,
860 2950 909 2982 33.
927 2942 1029 2973 etiam
1042 2941 1136 2972 λύσιν
1153 2944 1294 2983 positam
1306 2943 1408 2973 fuisse
1423 2941 1515 2972 λύσις
1531 2942 1572 2972 ab
1588 2941 1703 2973 eadem
1714 2941 1822 2971 altera

298 2997 399 3017 manu
416 2986 620 3027 adscriptum
638 2987 829 3018 testimonio
845 2989 895 3018 est
905 2995 914 3025 ;
930 2986 1080 3027 supplevi
1096 2986 1213 3017 itidem
1229 2997 1269 3017 ex
1284 2987 1316 3017 A
1335 2989 1347 3025 Η
1367 2994 1416 3026 35.
1434 2984 1574 3026 ᾀδόντων
1586 2984 1630 3015 W
1645 2995 1652 3016 :
1677 2982 1821 3015 ἀκόντων
