1939 3227
208 882 256 907 10

210 1224 256 1260 15

209 1572 258 1596 20

212 2261 262 2296 30

275 132 358 170 558

335 244 430 299 338.

811 131 1037 169 ΙΑιΑΔοΣ
1069 132 1112 168 ψ.
1147 127 1260 183 (23)

464 246 505 286 ἐν
527 246 580 299 τῷ
612 246 812 297 καμπτῆρί
842 260 906 284 σοι
940 244 960 283 ὁ
992 241 1198 295 ἀριστερὸς
1230 243 1351 283 ἵππος
1383 241 1503 282 οὕτως
1537 239 1802 290 ἐμπελασάτω

278 313 466 365 ἀκριβῶς,
489 315 594 354 ὥστε
615 314 687 365 τὴν
710 312 857 364 ἔξωθεν
879 311 1136 363 περιφέρειαν
1158 314 1225 350 τοῦ
1248 313 1392 362 τροχοῦ
1425 308 1536 359 δόξαι
1557 309 1705 361 ψαύειν
1732 310 1801 358 τῆς

276 383 504 435 χοινικίὸος·
538 385 652 423 τοῦτο
676 383 718 423 δὲ
735 381 910 434 πάσχειν
928 383 1036 422 δοκεῖ
1059 381 1078 419 ὁ
1100 381 1207 431 παρὰ
1227 383 1296 419 τὸν
1318 380 1526 429 καμπτῆρα
1546 378 1691 430 τροχός
1706 376 1795 415 A:

334 463 430 505 339·

334 520 429 574 348·

335 808 431 851 377·

463 451 643 504 πλήμνη]
667 453 712 506 τῇ
734 452 921 505 χοινικίδι
1097 461 1194 503 340.
1227 447 1431 500 ἐπαυρεῖν]
1453 450 1612 499 ψαῦσαι

463 520 569 574 τούς]
591 523 737 562 ἵππους
914 528 1010 573 350.
1044 517 1230 571 πείρατα]
1252 519 1300 557 τὰ
1322 516 1418 566 τέλη

421 623 428 632 .
460 589 650 643 τέρματα]
673 590 742 631 τὸν
763 590 940 639 καμπτόν
1117 587 1214 641 367.
1244 586 1343 637 μετὰ
1361 584 1518 640 πνοιῇς]
1543 585 1585 626 ἐν
1605 586 1690 626 ταῖς

422 691 430 699 .
462 658 543 712 ἄψ]
567 660 622 701 εἷς
646 658 823 698 τούπίσω

333 727 431 783 376.

464 727 735 779 Φηρητιάδαο]
759 725 1006 779 Φερητιάδαο
1029 727 1097 765 τοῦ
1120 723 1306 775 Εὐμήλου

461 795 747 849 μετεξέφερον]
772 795 988 847 ἐπέτρεχον
1166 795 1261 846 380.
1294 792 1431 848 πνοιῇ]
1453 796 1530 833 τῶν
1551 793 1682 833 ἵππων

424 898 431 906 .
465 864 756 917 ἐβλάφθησαν]
780 864 1100 912 ἐνεποδίσθησαν

422 966 430 974 .
465 935 666 986 ἐλεφαίρω
689 933 733 974 τὸ
756 934 892 973 ἀπατῶ
920 933 1027 983 παρὰ
1053 932 1095 970 τὸ
1127 935 1237 972 ἕλπω
1262 932 1439 983 ἐλπαίρω
1462 930 1715 983 παραγωγόν,
1742 928 1807 970 καὶ

276 1005 520 1059 πλεονασμῷ
543 1006 610 1044 τοῦ
633 1011 649 1044 ἓ
674 1003 738 1044 καὶ
769 1002 893 1058 τροπῇ
927 1005 995 1041 τοῦ
1027 1001 1055 1040 π
1084 1002 1139 1042 εἰς
1172 1005 1202 1052 φ
1235 1000 1449 1052 ἐλεφαίρω,
1473 999 1613 1051 κυρίως
1643 1002 1688 1038 τὸ
1720 1001 1805 1040 ταῖς

276 1074 440 1115 ἐλπίσιν
463 1074 619 1114 ἀπατᾶν

335 1223 431 1265 392.

470 1141 787 1194 ἐλεφηράμενος]
810 1140 858 1181 δι’
882 1139 1033 1191 ἀπάτης
1053 1138 1224 1191 βλάψας
1245 1137 1382 1177 A=B
1401 1162 1425 1171 ω

465 1210 552 1264 ἦξε]
577 1211 749 1251 ἔκλασεν
926 1221 1020 1263 393.
1055 1207 1225 1260 ἐλύσθη]
1248 1206 1547 1259 προσειλκύσθη

453 1279 772 1333 <ἐξεκυλίσθη>]
806 1279 884 1319 ἀπὸ
925 1281 995 1318 τοῦ
1032 1279 1126 1318 εἵλω
1164 1276 1298 1325 εἰλύω,
1340 1275 1542 1316 ἀπελάσει
1583 1278 1651 1315 τοῦ
1682 1275 1698 1314 ἶ
1730 1288 1806 1314 ree.

277 1349 534 1401 συνεστράφη
559 1352 644 1390 ταῖς
665 1348 794 1398 ἡνίαις
817 1361 895 1387 ree.

335 1426 430 1472 395-

333 1499 430 1540 403.

335 1569 433 1609 409.

336 1638 432 1675 411.

335 1696 434 1743 418.

336 1775 435 1813 424.

337 1845 434 1882 440·

336 1915 436 1952 441.

338 1980 433 2023 454·

337 2051 438 2093 459·

337 2109 436 2160 484.

339 2188 435 2231 523·

340 2256 438 2299 544·

339 2315 436 2369 587-

341 2393 437 2438 590.

341 2453 438 2506 598.

342 2523 441 2574 613.

343 2593 439 2631 622.

342 2661 438 2714 630.

342 2728 439 2782 638.

343 2798 436 2851 639.

343 2867 440 2918 652.

465 1417 730 1470 περιδρύφθη]
754 1416 898 1467 ἐξέσθη
1077 1415 1175 1469 396.
1210 1413 1424 1467 θρυλίχθη]
1449 1414 1646 1465 ἐθραύσθη
1665 1413 1755 1452 A:

464 1486 591 1539 σφῶι]
614 1487 712 1537 ὑμᾶς
735 1485 874 1527 αὐτούς

467 1555 678 1608 λείπεσθε]
701 1555 926 1606 ὑστερίζετε
1123 1551 1329 1605 φέριστοι]
1352 1550 1381 1591 ὦ

466 1622 619 1679 σφῶιν]
644 1625 734 1675 ὑμῖν
754 1624 842 1667 Α-ὶ-

468 1694 608 1746 ὀλίγον
629 1693 794 1747 χρόνον]
818 1691 882 1733 διὰ
905 1696 949 1732 τὸ
971 1691 1075 1732 πολὺ
1096 1693 1219 1744 γῆρας
1242 1704 1316 1731 ree.

469 1762 734 1815 παρακλίνας]
757 1760 990 1813 πλησιάσας

468 1829 628 1887 ἔτυμον]
654 1832 811 1882 ἀληθῶς
988 1828 1232 1881 πεπνῦσθαι]
1257 1829 1449 1880 σώφρονα
1473 1828 1574 1868 εἶναι
1596 1842 1673 1867 roc.

469 1901 634 1954 ἄεθλον]
657 1905 702 1941 τὸ
725 1901 901 1941 ἔπαθλον

466 1970 606 2023 τόσον]
630 1971 728 2010 ὅλον
751 1969 785 2008 Β
800 1980 833 2014 -1-
1022 1967 1178 2021 φοῖνιξ]
1202 1968 1346 2020 πυρρός
1367 1967 1456 2006 A:

471 2038 717 2091 παροίτεροι]
742 2039 967 2090 ἔμπροσθεν
1143 2035 1241 2087 481.
1275 2035 1441 2088 εὔληρα]
1463 2034 1614 2089 χαλινά

469 2107 642 2161 ἀπηνής]
667 2108 842 2159 σκληρός
1020 2116 1115 2159 520.
1149 2105 1169 2146 ὃ
1192 2105 1252 2158 δέ]
1277 2106 1297 2145 ὁ
1319 2105 1463 2158 τροχός

470 2177 678 2230 δίσκουρα]
701 2176 788 2227 ἤτοι
810 2179 1071 2227 περιορισμὸν
1092 2175 1232 2215 δίσκου

471 2246 636 2298 ἄεθλον]
660 2245 703 2286 τὸ
727 2246 905 2286 ἔπαθλον
1079 2252 1175 2297 553.
1209 2242 1298 2295 τήν]
1320 2243 1391 2293 τὴν
1413 2244 1537 2283 ἵππον

469 2315 640 2368 ἄνσχεο]
663 2314 844 2368 ἀνάσχου
1020 2314 1117 2366 589.
1149 2309 1416 2366 ὑπερβασίαι]
1440 2311 1709 2363 ὑπερηφανίαι

470 2383 578 2435 νόος]
602 2383 719 2422 αὐτοῦ
865 2404 869 2409 ‹
894 2380 1042 2433 λεπτή]
1065 2379 1236 2430 ἀσθενής

472 2451 611 2503 ἐέρση]
634 2451 778 2502 δρόσος
955 2450 1051 2503 609.
1083 2448 1163 2501 τοί]
1187 2449 1256 2487 σοί

474 2519 494 2560 ὃ
518 2519 578 2573 δέ]
602 2521 622 2559 ὁ
646 2518 855 2560 Μενέλαος
1032 2518 1127 2557 618.
1160 2516 1224 2569 τῆ]
1247 2515 1352 2567 λαβέ

473 2587 727 2640 ἆκοντιστύν]
750 2588 930 2628 ἀκοντίου
953 2587 1088 2639 ἀγῶνα

471 2657 669 2710 κρείοντα]
695 2655 876 2708 βασιλέα

470 2725 727 2779 Ἀκτορίωνε]
751 2727 787 2766 οἱ
812 2726 875 2765 καὶ
898 2725 1138 2765 Μολιονίδαι

469 2794 665 2847 βαλόντε]
689 2794 756 2834 δύο
778 2794 853 2846 γὰρ
875 2793 979 2844 ἦσαν
1156 2795 1252 2847 643.
1285 2793 1354 2845 ὥς]
1378 2794 1498 2835 οὕτως

472 2863 659 2916 ἐπέκλυε]
680 2862 827 2913 ἤκουσε
1003 2863 1026 2900 6
1031 2870 1055 2913 5
1061 2875 1098 2917 3.
1131 2861 1377 2915 πυγμαχίης]
1401 2862 1595 2914 πυγμικῆς

332 2965 344 2986 1
356 2965 381 2986 1.
406 2954 531 2995 έλπὴρω
554 2958 566 2992 Η
591 2962 638 2993 13.
657 2953 836 2983 ἀπατᾶσθαι
854 2953 920 2994 legi
946 2956 957 2990 Η
981 2951 1030 2983 16.
1046 2957 1059 2982 ῒ
1074 2953 1207 2992 scripsi:
1225 2952 1246 2991 η’
1265 2956 1276 2990 Η
1297 2961 1347 2991 32.
1365 2952 1407 2982 ad
1424 2962 1455 2983 v.
1474 2961 1537 2992 594
1553 2952 1811 2991 superscriptum

284 2999 383 3039 παρό;
409 2999 503 3029 omisi
522 3001 533 3035 11
561 2998 611 3037 38.
636 2996 777 3031 βαλόντε
796 3007 878 3028 sea:
903 3007 947 3026 -ες
961 3006 1009 3036 pr.
