1939 3227
247 131 331 170 522
809 131 1035 168 ΙΛΙΑΔΟΣ
1070 131 1096 167 1.
1130 126 1221 183 (9)

242 243 375 295 ’Ἥρας
399 242 550 294 τεμένει
571 243 789 295 λεγόμενος
812 245 1063 283 καλλιστεῖα.
1095 241 1117 291 ἡ
1137 241 1179 282 δὲ
1197 239 1360 291 Λέσβος
1383 240 1504 289 νῆσός
1527 240 1639 279 ἐστιν
1663 239 1705 279 ἐν
1721 238 1774 292 τῷ

251 312 404 366 Αἰγαίῳ
441 310 612 364 πελάγει
645 312 786 353 πόλεις
821 311 975 365 ἔχουσα
1008 309 1038 351 ε’
1064 309 1290 351 ’Ἄντισσαν
1316 307 1521 360 ’Έρεσσον
1554 305 1777 357 Μήθυμναν

252 381 414 432 Πύρραν
431 378 667 430 Μιτυλήνην
690 383 774 420 A:

314 461 406 503 131.
439 446 527 504 τάς]
552 447 808 501 ἐπανάληψις
988 456 1080 499 145.
1113 444 1309 502 Λαοδίκη]
1332 444 1355 495 ἢ
1379 445 1443 485 καὶ
1462 443 1667 495 Ἠλέκτρα

207 529 230 567 5
438 514 706 574 Ἰφιάνασσα]
730 516 753 567 ἢ
777 517 841 557 καὶ
861 516 1084 570 Ἰφιγένεια

314 587 407 637 146.
440 584 650 642 ἀνάεδνον]
675 587 769 627 ἄνευ
791 586 914 627 ἕδνων

439 654 533 695 ἕδνα
554 654 602 695 τὰ
625 655 703 695 ἀπὸ
725 658 792 694 τοῦ
812 654 955 706 ἀνδρὸς
977 653 1191 705 φερόμενα,
1209 652 1310 706 <οὐ>
1327 653 1376 692 τὰ
1397 651 1475 692 ἀπὸ
1497 652 1566 700 τῆς
1586 650 1771 703 γυναικός

312 734 405 778 147.
437 720 593 779 μείλια]
631 723 943 773 ἐκμειλίσσοντα
974 721 1065 764 τοὺς
1101 722 1258 774 ἄνδρας.
1300 721 1372 771 τὴν
1406 722 1550 772 προῖκα
1585 719 1627 759 δὲ
1668 716 1781 771 λέγει

252 793 324 844 τὴν
344 791 467 843 ἡδέως
489 791 765 842 διατιθεμένην
789 791 886 832 κατὰ
908 789 1048 844 ψυχήν
1069 790 1156 834 Α-Ι-

185 879 232 904 10
314 870 407 916 153.
439 857 702 917 ἠμαθόεντος]
726 860 973 913 ψαμμώδους

315 931 408 982 156.
440 926 633 986 λιπαράς]
680 928 981 981 λιπαροποιούς·
1034 928 1098 968 καὶ
1143 926 1337 968 Ἡσίοδος
1378 924 1506 981 (Opp.
1553 922 1652 978 227)
1694 921 1784 976 περὶ

252 1002 375 1050 τῆσδε
399 1003 423 1022 “
436 1002 542 1039 τοῖσι
569 997 714 1048 τέθηλε
737 999 867 1046 πόλις,
891 996 983 1038 λαοὶ
1006 995 1038 1037 δ’
1066 997 1257 1038 ἀνθοῦσιν
1280 997 1323 1037 ἐν
1344 995 1440 1050 αὐτῇ
1455 994 1478 1009 ”

315 1076 408 1122 159.
441 1064 650 1123 ἔχθιστος]
675 1068 695 1107 ὁ
712 1066 854 1118 ’Ἀιδης

317 1148 410 1190 171.
445 1133 695 1191 εὐφημῆσαι]
731 1135 910 1187 εὔφημον
946 1135 1010 1175 καὶ
1043 1134 1231 1175 εὔτακτον
1268 1131 1536 1186 φθέγξασθαι·
1578 1130 1668 1171 οὐδὲ
1709 1131 1784 1183 γὰρ

189 1221 234 1259 15
256 1207 320 1248 ἐπὶ
342 1210 410 1246 τοῦ
431 1207 605 1257 ὑμνῆσαι
627 1205 784 1256 εὕρηται
808 1203 913 1256 παρὰ
935 1204 989 1257 τῷ
1010 1201 1172 1256 Ὁμήρῳ

318 1275 410 1315 180.
443 1275 663 1315 δενδίλλων
686 1275 725 1314 ἐς
747 1269 937 1328 ἕκαστον]
962 1275 1080 1312 δινῶν
1101 1270 1191 1313 τοὺς
1212 1271 1351 1312 ἵλλους
1374 1270 1429 1311 εἷς
1453 1268 1522 1309 ἕνα
1543 1268 1714 1308 ἕκαστον

317 1343 411 1384 181.
444 1338 604 1397 πειρᾶν]
629 1340 830 1393 πειράζειν

318 1413 412 1463 187.
446 1415 472 1433 “
491 1409 641 1464 ζυγόν”
665 1413 735 1450 τὸν
756 1412 889 1462 πῆχυν
919 1411 989 1459 τῆς
1020 1407 1191 1460 κιθάρας,
1220 1405 1249 1462 ᾧ
1273 1407 1471 1460 ἕγκεινται
1504 1407 1541 1446 οἱ
1571 1404 1787 1458 κόλ<λ>α-

257 1486 341 1532 βοι·
374 1481 473 1520 οὕτω
496 1480 538 1520 δὲ
562 1478 750 1532 λέγονται
783 1480 821 1519 οἱ
847 1476 1070 1527 πάσσαλοι,
1095 1478 1149 1518 ὧν
1177 1475 1416 1526 ἐξάπτονται
1445 1475 1485 1514 αἶ
1506 1474 1659 1527 χορδαί,
1681 1473 1787 1525 παρὰ

188 1568 238 1593 20
257 1549 302 1590 τὸ
329 1549 601 1598 κεκολλῆσθαι
625 1551 708 1587 A=

319 1631 412 1672 199.
445 1613 643 1672 προτέρω]
668 1618 724 1659 εἷς
746 1616 1023 1668 τοῦμπροσθεν
1047 1618 1127 1659 Α-ί-

318 1687 414 1729 206.
449 1684 660 1741 <κρεῖον>]
684 1684 771 1736 ἤτοι
794 1685 1019 1738 κρεωδόχον
1042 1685 1205 1737 ἀγγεῖον
1222 1687 1254 1723 Α
1269 1693 1303 1728 4-

446 1755 567 1808 πυρὸς
593 1752 713 1810 αὐγῇ]
737 1755 790 1809 τῷ
814 1754 905 1806 πυρὶ
926 1753 1114 1805 δηλονότι

319 1824 415 1866 208.
449 1820 623 1880 ἀλοιφῇ]
647 1824 700 1878 τῷ
723 1824 835 1864 λίπει
955 1835 1050 1876 213.
1084 1818 1301 1877 στορέσας]
1329 1821 1615 1872 καταστρώσας

191 1907 239 1945 25
320 1905 415 1943 214.
449 1893 539 1934 ἔθος
569 1895 685 1932 τοῦτο
713 1895 796 1934 τοῖς
825 1891 1097 1943 στρατιώταις,
1128 1892 1228 1931 ἐπὰν
1250 1890 1363 1930 ἴδωσι
1392 1888 1690 1941 θερμανθέντων
1711 1892 1790 1929 τῶν

261 1966 384 2015 κρεῶν
408 1961 535 2012 ζωμὸν
557 1961 833 2012 ἆναπηδῶντα,
855 1963 1068 2011 τηνικαῦτα
1096 1960 1220 2010 αἴρειν
1242 1958 1286 1998 τὸ
1317 1958 1548 2008 ὀπτώμενον
1575 1958 1639 1998 καὶ
1671 1956 1791 1997 ἅλατι

260 2030 518 2077 ἐπιπάσσειν,
542 2031 607 2072 ἵνα
629 2030 649 2069 ὁ
677 2030 802 2081 ζωμὸς
834 2030 945 2071 ἐντὸς
967 2027 1184 2081 κατέχηται
1206 2027 1433 2078 ὀπτώμενος
1454 2026 1531 2067 ὑπὸ
1552 2029 1620 2066 τοῦ
1642 2025 1790 2067 ἅλατος

450 2094 716 2154 κρατευτάων]
739 2095 762 2148 ἢ
785 2101 863 2138 τῶν
883 2097 1012 2138 λίθων
1033 2100 1067 2136 Α
1081 2106 1117 2140 -1-

321 2176 416 2220 215.
449 2164 647 2222 ἐλεοῖσιν]
671 2169 918 2219 μαγειρικαῖς
944 2164 1154 2218 τραπέζαις
1179 2167 1293 2208 ΑΒ-Ι-

192 2254 243 2289 30
324 2250 419 2287 241.
455 2232 698 2291 <στεῦται>]
730 2237 836 2287 παρὰ
864 2234 909 2274 τὸ
941 2236 1099 2283 στῆθος,
1125 2234 1211 2273 οἷον
1242 2235 1285 2274 ἐν
1311 2235 1392 2274 τοῖς
1425 2230 1594 2282 στήθεσι
1623 2233 1792 2272 διανοεῖ-

263 2306 468 2345 ται-ἐκεῖ
497 2306 573 2356 γὰρ
599 2307 644 2343 τό
675 2303 920 2356 λογιστικόν,
943 2303 996 2344 ὥς
1023 2307 1150 2353 φησιν
1173 2301 1285 2342 οὗτος
1309 2305 1329 2321 “
1346 2303 1493 2351 στῆθος
1525 2300 1567 2340 δὲ
1598 2298 1754 2350 πλήξας
1769 2296 1789 2313 ”

262 2371 363 2428 (Od.
389 2385 454 2413 20.
481 2370 634 2426 17)-ἢ
663 2373 770 2423 παρὰ
799 2371 845 2411 τὸ
877 2374 958 2410 στῶ
990 2370 1131 2419 στεύω,
1164 2369 1214 2411 ὡς
1244 2368 1355 2409 dem>
1388 2369 1577 2418 ἀεθλεύω,
1609 2368 1792 2409 στεύεται

264 2442 329 2483 καὶ
352 2442 532 2495 συγκοπῇ
557 2446 581 2462 “
601 2442 763 2480 στεῦται
775 2439 798 2453 ”

323 2522 420 2564 324.
453 2512 579 2550 κακῶς
601 2506 635 2549 δ’
657 2507 733 2559 ἄρα
753 2509 791 2548 οῖ
813 2506 925 2548 πέλει
947 2504 1064 2563 αὐτῇ]
1089 2505 1176 2557 ἤτοι
1198 2508 1337 2549 ἄσιτος
1360 2505 1455 2556 αὐτὴ
1478 2504 1667 2558 τυγχάνει

195 2593 245 2630 35
323 2579 421 2634 326.
452 2574 720 2633 διέπρησσον]
745 2575 904 2627 διήνυον

323 2656 418 2702 327.
451 2643 599 2702 ὀάρων]
624 2646 666 2686 ἐκ
698 2648 766 2685 τοῦ
795 2644 875 2697 ἄρω
907 2648 951 2685 τὸ
981 2645 1135 2697 ἁρμόζω
1169 2646 1267 2685 κατὰ
1293 2643 1510 2695 μετάθεσιν
1543 2643 1614 2692 ὄαρ

454 2714 583 2768 ὀάρων
605 2714 721 2756 ἕνεκα
743 2711 996 2769 σφετεράων]
1020 2713 1107 2764 ἤτοι
1129 2716 1198 2764 τῆς
1220 2712 1391 2764 (Ελένης

325 2796 422 2839 330.
454 2780 578 2840 τάων]
604 2784 795 2823 Αἶολικόν
969 2779 1151 2838 πασέων]
1175 2780 1352 2823 Ἰωνικόν

312 2865 342 2895 8.
367 2861 628 2902 ἐκμειλίσσονται
658 2866 670 2900 ΙΙ
700 2872 730 2903 9.
754 2861 796 2891 τὰ
811 2859 892 2892 κατὰ
908 2861 940 2892 D
969 2864 981 2899 Η
1012 2870 1058 2891 12.
1083 2872 1125 2892 an
1143 2861 1198 2899 τῆς
1214 2860 1297 2900 δίκης
1313 2871 1372 2901 pro
1387 2859 1508 2898 τῆσδεὲ
1535 2863 1548 2898 11
1579 2867 1627 2899 14.
1650 2856 1792 2888 ἄτακτον

270 2911 282 2945 ll
311 2907 359 2938 16.
385 2907 477 2937 δινῶν
494 2907 547 2938 Et.
566 2907 637 2937 M.:
664 2903 791 2936 δινεύων
817 2909 828 2943 ΙΙ
858 2914 906 2935 22.
931 2904 1110 2943 κρεωδόχον
1135 2905 1189 2935 Et.
1211 2905 1272 2941 M.,
1297 2902 1469 2943 κρεοδόχον
1485 2904 1540 2934 A:
1565 2901 1696 2941 κρεῶδες
1712 2900 1791 2941 ἔχον

270 2955 282 2988 Η
312 2951 359 2981 26.
384 2949 601 2981 ἀναποδῶνται
629 2952 641 2987 Η
667 2953 778 2979 ουλατι
795 2949 861 2989 legi
886 2951 898 2986 ΙΙ
931 2954 979 2988 27.
1006 2946 1095 2978 ἐκτὸς
1125 2952 1136 2986 Η
1164 2946 1357 2986 συπτόμενος
1382 2950 1394 2985 ΙΙ
1421 2950 1555 2976 ουλατος
1581 2949 1593 2984 ΙΙ
1625 2954 1675 2984 31.
1699 2949 1792 2984 λογι-

267 2993 380 3024 στικὸν
398 2995 451 3025 Et.
470 2994 539 3024 M.:
566 2992 661 3032 λοξὸν
688 2996 699 3030 ΙΙ
726 2992 848 3031 πλῆξεν
