1939 3227
650 103 878 141 ΙΛιΑΔοΣ
914 104 958 141 Δ.
993 98 1078 155 (4)
1557 98 1638 136 505

166 214 204 254 8.
237 213 552 272 ἀλαλκομενηίς]
576 215 598 266 ἡ
623 214 862 255 ἀλάλκουσα
890 215 942 268 τῷ
974 213 1082 265 μένει
1105 213 1127 253 ὅ
1150 213 1238 253 ἐστι
1258 214 1482 263 βοηθοῦσα,
1506 209 1530 261 ἢ
1552 210 1575 261 ἡ
1600 211 1644 250 ἐν

106 280 428 334 Ἀλαλκομεναῖς
450 284 568 325 πόλει
600 284 707 336 παρὰ
739 285 930 324 Βοιωτοῖς
959 280 1171 334 τιμωμένη,
1206 281 1302 323 ἔνθα
1334 279 1398 321 καὶ
1440 277 1642 320 Ἀλαλκο-

106 349 246 402 μένιον
277 350 449 404 Ἀθηνᾶς
482 352 601 405 ἱερόν,
629 350 652 402 ἢ
683 351 762 392 ἀπὸ
792 350 1178 404 Ἀλαλκομεν<ί>ου
1211 351 1324 402 ὅρους
1355 351 1425 399 τῆς
1447 347 1642 398 Ἀττικῆς,

107 417 131 470 ἢ
155 419 245 472 παρ’
267 420 564 472 Ἀλαλκομένει
586 423 787 473 τραφεῖσα
814 419 925 475 (τῷ)
951 420 1112 474 Βοιωτῷ

169 501 186 527 I
202 501 233 530 Ι.
267 487 590 546 παρμέμβλωκε]
615 488 836 542 παραμένει
1018 497 1082 540 15.
1116 484 1245 542 αὖτις]
1271 487 1313 526 ἐκ
1336 485 1522 539 δευτέρου

170 556 234 597 16.
268 556 557 614 ἀμφοτέροισι]
579 558 717 609 Τρωσὶ
740 558 804 599 καὶ
822 557 1028 608 ’Έλλησιν

166 638 235 680 43.
270 627 442 676 ζητεῖται
463 630 544 669 πῶς
567 628 587 667 6
610 627 709 669 Ζεὺς
737 628 782 682 τῇ
800 625 911 681 “Hpq
943 626 1024 678 ἅμα
1054 626 1127 676 μὲν
1161 625 1261 665 ἑκὼν
1289 624 1467 672 δίδωσιν,
1491 623 1572 675 ἅμα
1603 624 1645 663 δὲ

109 693 226 736 ἄκων.
284 694 396 736 ἔστιν
428 695 497 735 οῧν
526 696 664 743 εἰπεῖν,
697 696 757 736 ὅτι
792 696 891 736 ἑκὼν
922 696 996 746 μὲν
1028 695 1193 735 δίδωσιν
1225 694 1276 736 ὡς
1308 692 1357 734 ἂν
1389 693 1547 748 ἀδελφῇ
1583 690 1646 732 καὶ

107 763 275 816 γυναικί,
313 763 419 804 ἄκων
451 763 505 813 δέ,
540 765 600 804 ὅτι
632 764 723 807 τοὺς
755 763 975 816 φιλτάτους
1006 761 1145 819 π’[ρὸς]
1180 763 1386 803 ἀπώλειαν
1418 762 1643 802 ἐκδίδωσιν’

111 832 174 873 καὶ
207 832 282 885 γὰρ
315 834 353 873 οἱ
386 834 429 874 ἐν
460 833 651 889 θαλάσσῃ
684 832 888 883 πλέοντες,
922 833 1072 873 ὁπόταν
1104 831 1356 885 περιπέσωσι
1379 830 1555 885 κινδύνῳ,
1580 832 1644 871 ἐκ-

108 900 318 952 βάλλουσι
351 901 421 942 τὸν
455 902 607 954 φόρτον
649 903 706 944 εἷς
746 902 818 953 τὴν
852 901 1068 943 θάλασσαν
1104 902 1262 943 ἑκόντες
1294 917 1336 942 τε
1371 898 1434 940 καὶ
1468 900 1644 946 ἄκοντες,

110 971 280 1021 ἑκόντες,
327 972 393 1012 ἵνα
444 974 623 1022 σωθῆναι
674 974 910 1021 δυνηθῶσιν,
953 970 1118 1012 ἄκοντες
1170 969 1225 1017 δέ,
1267 970 1328 1010 ὅτι
1380 968 1448 1009 τὸν
1493 969 1646 1021 φόρτον

109 1039 429 1093 ἀπο<λ>λύουσι
451 1039 500 1080 δι’
524 1039 570 1081 ὃν
592 1039 788 1081 πλέουσιν

167 1121 237 1161 49.
262 1106 429 1165 λοιβῆς]
448 1111 626 1159 σπονδῆς
757 1110 824 1148 60.
847 1106 986 1165 γενεῇ]
1011 1110 1057 1164 τῇ
1079 1107 1217 1162 ἡλικίᾳ
1238 1106 1261 1158 ὴ
1285 1108 1330 1163 τῇ
1355 1107 1533 1161 εὐγενείᾳ
1550 1105 1585 1145 Β
1601 1117 1635 1150 -1-

169 1179 236 1219 62.
268 1175 527 1234 ὑποείξομεν]
553 1177 872 1231 συγχωρήσομεν

169 1245 236 1288 68.
269 1247 398 1299 φασίν
420 1263 536 1297 τινες,
554 1246 604 1289 ὡς
627 1246 694 1286 οὐκ
718 1247 866 1297 ἀσεβεῖ
887 1247 908 1286 ὁ
932 1245 1154 1298 Πάνδαρος,
1171 1247 1205 1287 εἰ
1226 1246 1248 1297 ἡ
1271 1245 1425 1296 Ἀθηνᾶ
1447 1244 1644 1296 συνεβού-

110 1321 235 1357 λευσε
258 1316 322 1356 καὶ
344 1316 364 1356 ὁ
387 1315 487 1358 Ζεὺς
509 1315 776 1357 ἀπέσταλκεν.
827 1314 969 1369 ῥητέον
990 1314 1046 1364 δέ,
1069 1316 1129 1356 ὅτι
1153 1316 1172 1355 ὁ
1194 1317 1268 1367 μὲν
1291 1314 1390 1357 Ζεὺς
1420 1314 1533 1356 εἰδὼς
1555 1313 1646 1355 τοὺς

112 1386 252 1437 ὅρκους
285 1388 411 1426 κακῶς
445 1383 911 1438 γεγενημένους-οὐδὲν
947 1386 1022 1437 γὰρ
1054 1384 1188 1436 ἕτερον
1218 1387 1353 1436 Τρῶες
1393 1381 1417 1434 ἢ
1455 1383 1521 1423 ἐπὶ
1563 1385 1647 1424 τοῖς

112 1454 342 1506 ἀλλοτρίοις
369 1453 658 1504 ὥμοσαν--ὃιὰ
680 1457 796 1493 τοῦτο
821 1453 1049 1494 ἐσπούδασε
1071 1454 1240 1502 λυθῆναι
1269 1452 1339 1494 τὰς
1362 1453 1520 1494 ἀδίκους
1551 1468 1644 1492 συν-

112 1521 247 1573 θήκας·
278 1522 456 1574 Ἀθηνῖιν
477 1524 519 1563 δὲ
542 1526 610 1563 νῦν
631 1521 888 1572 ὑποληπτέον
909 1526 978 1562 τὸν
1001 1522 1202 1575 λογισμὸν
1224 1525 1294 1561 τοῦ
1316 1519 1542 1572 Πανδάρου·
1583 1520 1646 1560 καὶ

112 1591 230 1634 αὐτὸς
247 1591 345 1644 πρὸς
363 1591 503 1632 ἑαυτὸν
517 1595 639 1631 ταῦτα
662 1592 920 1644 διελογίζετο·
953 1590 1119 1631 ἄπιστοι
1141 1591 1216 1644 γὰρ
1234 1589 1435 1632 Λυκάονες
1448 1588 1646 1645 (Aristob.

112 1659 160 1700 fr.
177 1668 250 1712 151
276 1659 359 1715 R.).
383 1660 504 1701 ἄλλοι
519 1662 561 1700 δὲ
579 1660 643 1700 καὶ
658 1661 790 1702 αὐτοῖς
809 1660 946 1714 (τοῖς)
966 1658 1143 1711 “Ομήρου
1156 1658 1323 1701 λύοντές
1338 1664 1444 1711 φασι
1459 1675 1646 1710 προειρη-

114 1728 223 1770 κέναι
245 1729 314 1769 τὸν
332 1729 500 1780 ποιητὴν
517 1731 702 1781 ((πειρᾶν,
719 1731 756 1770 εἵ
777 1746 819 1769 κε
838 1728 1006 1784 θέλῃσιν
1020 1729 1039 1744 ”
1060 1728 1148 1781 (66,
1167 1726 1250 1784 71),
1270 1728 1361 1781 οὐχὶ
1379 1729 1533 1768 πείθειν
1550 1726 1640 1766 A=

172 1797 238 1839 88.
270 1800 334 1838 διὰ
357 1798 396 1838 τί
415 1798 438 1849 ἡ
460 1798 613 1848 Ἀθηνᾶ
635 1799 691 1840 εἰς
713 1798 913 1851 σύγχυσιν
945 1801 1023 1838 τῶν
1045 1798 1173 1850 ὅρκων
1205 1797 1249 1837 οὐ
1281 1801 1359 1838 τῶν
1380 1797 1528 1849 Τρώων
1559 1795 1649 1837 τινὰ

114 1866 335 1917 ἐπελέξατο
359 1866 467 1907 ἀλλὰ
490 1871 568 1908 τῶν
591 1867 998 1920 ἐπικούρων-καίτοι
1022 1865 1313 1919 κεχαρισμένος
1335 1866 1383 1906 ἄν
1405 1882 1464 1907 τις
1487 1864 1647 1918 ἐγένετο

112 1934 368 1990 Ἀλεξάνδρῳ
389 1938 560 1986 μᾶλλον,
587 1937 620 1977 εἰ
642 1940 720 1976 τῶν
742 1936 899 1977 οἰκείων
921 1935 1095 1985 ἧν-καὶ
1113 1937 1177 1975 διὰ
1194 1935 1233 1975 τί
1249 1937 1325 1975 τῶν
1348 1934 1567 1986 ἐπικούρων
1580 1934 1650 1974 τὸν

115 2004 330 2057 Πάνδαρον
344 2003 589 2055 ἐπελέξατο;
614 2005 681 2045 καί
692 2009 821 2056 φησιν
835 2002 1123 2056 Ἀριστοτέλης
1138 2002 1204 2056 (fr.
1221 2011 1270 2054 15
1282 2016 1295 2042 Ι
1314 2001 1395 2058 R.)‚
1407 2003 1467 2043 ὅτι
1484 2006 1561 2043 τῶν
1576 2004 1650 2053 μὲν

113 2074 262 2126 Τρώων
279 2072 430 2121 οὐδένα,
452 2074 554 2113 διότι
578 2073 723 2115 πάντες
747 2073 865 2114 αὐτὸν
884 2074 1058 2123 ἐμίσουν,
1080 2073 1131 2115 ὡς
1154 2074 1174 2112 ὁ
1196 2070 1364 2123 ποιητής
1381 2076 1510 2123 φησιν
1527 2071 1652 2112 “‘z‘crov

115 2142 191 2196 γάρ
206 2148 306 2195 σφιν
324 2145 450 2184 πᾶσιν
468 2141 676 2195 ἀπήχθετο
693 2142 778 2195 κηρὶ
795 2140 995 2197 μελαίνῃ”
1010 2141 1080 2195 (Il.
1097 2140 1261 2197 3.454),
1275 2145 1353 2182 τῶν
1371 2141 1413 2181 δὲ
1431 2141 1650 2191 ἐπικούρων

1666 504 1688 542 5

1669 848 1716 872 10

1670 1538 1718 1562 20

116 2212 185 2253 τὸν
207 2210 420 2263 Πάνδαρον
442 2210 658 2261 ἐπελέξατο
681 2211 731 2253 ὡς
755 2209 1291 2263 φιλοχρήματον-σημεῖον
1314 2211 1355 2250 δὲ
1374 2210 1397 2260 ἡ
1417 2213 1494 2251 τῶν
1515 2211 1649 2249 ἵππων
1671 2228 1722 2264 30

117 2281 236 2322 αὐτοῦ
258 2279 323 2321 ἐπὶ
341 2282 450 2321 οἴκου
473 2279 724 2331 κατάλειψις,
739 2281 806 2320 ἵνα
818 2280 871 2331 μὴ
888 2280 1044 2333 δαπανᾷ
1060 2279 1132 2332 (Il.
1149 2288 1188 2331 5.
1208 2277 1433 2333 192)——1<o.2
1450 2279 1512 2319 ὅτι
1527 2278 1650 2330 φύσει

117 2351 313 2403 ἐπίορκος·
342 2349 388 2390 τὸ
408 2353 506 2402 γοῦν
528 2349 642 2391 ἔθνος
664 2350 722 2389 ἔτι
745 2349 809 2389 καὶ
832 2352 901 2390 νῦν
917 2352 1026 2390 δοκεῖ
1049 2349 1150 2389 εἶναι
1168 2350 1367 2401 ἐπίορκον,
1384 2349 1477 2389 ὅθεν
1500 2349 1651 2390 ἐκεῖνος

116 2418 178 2470 ἦν·
221 2419 258 2459 οἳ
290 2417 332 2460 δέ
365 2423 505 2470 φασιν,
537 2419 599 2458 ὅτι
631 2418 796 2470 ἀρίστου
828 2417 876 2469 ἦν
907 2419 1026 2471 χρεία
1056 2421 1125 2458 τοῦ
1151 2417 1369 2469 δυναμένου
1395 2415 1648 2470 καταστοχά-

119 2490 272 2528 σασθαι
296 2488 359 2527 καὶ
382 2490 543 2539 τρῶσαι,
561 2487 628 2527 οὐκ
650 2485 699 2537 ἦν
716 2485 758 2527 δέ
782 2503 840 2529 τις
863 2489 906 2528 ἐν
923 2489 976 2541 τῷ
995 2488 1159 2542 Τρωικῷ
1181 2486 1292 2539 μέρει
1314 2485 1479 2537 τοξότης
1502 2485 1651 2537 εὐφυὴς

118 2555 141 2607 ἢ
163 2554 433 2608 Ἀλέξανδρος
458 2556 521 2596 καὶ
545 2555 766 2608 Πάνδαρος·
812 2555 875 2596 καὶ
897 2556 961 2596 διὰ
984 2559 1099 2595 τοῦτο
1122 2554 1343 2606 ἐπελέξατο
1366 2555 1486 2596 αὐτόν
1510 2554 1593 2600 Α-ὶ-

179 2637 246 2678 91.
280 2624 499 2677 Αἰσήποιο]
524 2625 705 2675 Αἴσηπος
727 2625 904 2676 ποταμὸς
926 2628 995 2676 τῆς
1016 2625 1092 2665 ὑπὸ
1114 2627 1159 2679 τῇ
1179 2625 1263 2680 Ἴδῃ
1288 2625 1433 2666 Λυκίας

182 2707 274 2748 103.
310 2691 496 2749 Ζελείης]
521 2693 543 2743 ἡ
566 2695 641 2746 γὰρ
663 2693 739 2734 ὑπὸ
765 2695 811 2749 τῇ
831 2694 916 2749 Ἴδῃ
939 2694 1065 2734 Λυκία
1087 2693 1235 2734 Ζέλεια
1257 2695 1441 2734 ἐκαλεῖτο
1463 2692 1498 2731 Α
1517 2703 1549 2735 ÷

183 2771 274 2814 105.
309 2759 456 2817 ἐσύλα]
482 2761 661 2814 ἐγύμνου,
687 2761 859 2814 ἐξέβαλε
883 2765 951 2813 τῆς
974 2761 1095 2812 θήκης

169 2869 197 2890 2.
223 2858 335 2889 πόλεσι
355 2862 366 2895 ΙΙ
389 2868 416 2896 2,
435 2867 461 2895 3.
482 2856 749 2894 Ἀλαλκομένειον
767 2859 797 2889 D
817 2862 828 2896 ΙΙ
857 2869 884 2898 3.
902 2859 1051 2899 supplevi
1069 2869 1107 2888 ex
1134 2859 1164 2888 D
1183 2862 1194 2895 Η
1214 2870 1243 2898 4.
1262 2857 1332 2896 παρ’
1351 2856 1581 2895 Ἀλαλκομέινει
1600 2857 1649 2887 D:

123 2901 206 2942 παρὰ
223 2902 411 2940 Ἀλκομένει
443 2905 454 2939 ΙΙ
486 2902 636 2942 supplevi
655 2912 694 2932 ex
714 2902 743 2932 D
771 2906 782 2940 ΙΙ
811 2912 838 2943 5.
865 2901 1012 2942 δευτέρου
1031 2912 1096 2931 non
1114 2905 1240 2932 certum
1268 2905 1280 2938 Η
1311 2901 1423 2938 16—23.
1449 2912 1533 2941 quae
1555 2912 1592 2936 ex
1611 2901 1652 2931 Β2

121 2957 232 2977 coram
251 2947 278 2977 T
293 2946 454 2987 supplevi,
471 2946 549 2986 quia
564 2949 654 2976 certa
671 2950 760 2985 sunt,
778 2956 842 2977 non
860 2946 994 2977 enotavi
1022 2949 1034 2982 ΙΙ
1061 2954 1112 2984 33,
1131 2954 1181 2985 34.
1200 2944 1315 2985 τρῶσαι
1333 2943 1383 2976 καῖ
1400 2955 1534 2975 καταστ.
1553 2949 1590 2976 ut.
1606 2946 1650 2985 A,

122 2989 160 3021 cf.
181 2989 220 3020 13²

1671 2568 1720 2606 35
