1939 3227
256 132 279 168 oz

290 130 304 168 >—1

316 131 338 169 (ὁ

810 129 1035 168 ΙΛΙΑΔΟΣ
1070 129 1114 167 Ε.
1150 126 1234 179 (5)

445 244 466 283 ὅ
489 242 526 296 γ’
549 240 670 298 ἥρως]
696 244 716 283 ὁ
741 243 902 285 Αἰνείας

315 324 411 366 309.
445 309 645 368 ἐρείσατο]
670 312 882 364 ἐπερείσθη

314 394 411 435 311.
446 378 560 437 ἔνθα]
583 382 674 422 τότε
851 378 1065 436 ἀπόλοιτο]
1090 379 1176 430 ἤτοι
1199 380 1386 420 ἀπώλετο

315 463 411 504 313.
444 447 726 506 βουκολέοντι]
750 449 908 501 νέμοντι
929 453 1030 500 βοῦς
1053 449 1143 487 A:
1270 457 1368 503 315.
1400 445 1578 503 πτύγμα]
1603 447 1791 498 δίπλωμα

216 531 237 568 5
316 533 412 574 324.
446 521 489 560 ἐκ
511 518 544 560 δ’
568 517 736 575 ἔλασεν]
762 518 953 571 παρέλκει
975 518 1019 558 τὸ
1044 522 1063 539 “
1081 517 1123 558 δέ
1140 515 1161 532 ”

316 600 412 644 327.
444 586 567 645 ἥρως]
592 590 612 628 ὁ
635 588 834 630 Σθένελος

315 670 412 713 329.
444 659 638 709 Τυδείδην
659 654 827 713 μέθεπε]
853 657 917 697 ἐπὶ
940 657 1010 697 τόν
1188 652 1506 710 κρατερώνυχας]
1530 654 1619 696 τούς

316 739 414 781 330.
448 724 673 782 ἐμμεμαώς]
700 726 945 777 εὐπρόθυμος
1123 736 1218 778 332.
1252 721 1375 780 τάων]
1401 724 1448 774 ἦν
1469 723 1492 774 ἡ
1515 723 1735 776 Ἀφροδίτη

316 808 413 850 334.
447 793 623 851 ὀπάζων]
648 795 799 836 διώκων
820 794 905 838 Α-ἱ-
1038 804 1142 848 335.
1167 790 1478 848 ἐπορεξάμενος]
1503 793 1679 834 ἐκτείνας
1696 792 1786 830 A:

193 877 240 902 10
317 875 414 920 337.
447 861 682 920 ἀβληχρήν]
708 864 860 914 ἀσθενῆ

446 930 903 989 εἶθαρ-ἀντετόρησεν]
930 932 1072 975 εὐθέως
1096 933 1159 973 καὶ
1181 934 1422 984 παραχρῆμα
1443 933 1607 982 διῆλθεν

318 1015 415 1058 343.
450 1000 640 1058 ἰάχουσα]
663 1001 858 1054 βοήσασα
1036 999 1269 1057 κάββαλεν]
1295 1001 1519 1053 ἀπέρριψεν

317 1082 413 1126 350.
447 1072 516 1112 ἐὰν
539 1071 663 1112 πάλιν
687 1072 807 1127 ἔλθῃς
829 1073 885 1113 εἷς
906 1075 975 1113 τὸν
994 1072 1186 1122 πόλεμον,
1201 1069 1415 1121 τηνικαῦτά
1438 1086 1486 1109 σε
1509 1072 1636 1110 κακῶς
1658 1069 1794 1118 διαθή-

261 1158 396 1193 σομαι,
419 1142 524 1182 ὥστε
549 1142 595 1180 σὲ
619 1139 681 1181 καὶ
704 1141 852 1180 ἄλλοθί
873 1157 950 1181 που
971 1142 1151 1191 πόλεμον
1174 1139 1405 1179 ἀκούσασαν
1428 1139 1701 1189 εὐλαβηθῆναι

195 1226 242 1264 15
320 1211 418 1265 356.
451 1207 552 1266 ἠέρι]
577 1211 738 1264 ὁμίχλῃ·
773 1208 860 1260 ἤτοι
883 1209 1050 1262 ἀόρατος
1073 1208 1121 1260 ἦν

320 1288 416 1333 359.
450 1278 631 1331 κόμισαι]
655 1279 884 1328 ἐπιμελείας
908 1277 1083 1328 ἀξίωσον

320 1349 417 1403 366.
452 1348 612 1388 ἀέκοντε
634 1347 853 1400 πετέσθην]
878 1347 1114 1399 ἀπροθύμως
1138 1346 1301 1399 ἔτρεχον
1323 1359 1402 1386 ree.

319 1418 417 1472 369.
451 1413 769 1472 παρὰ-βάλεν]
794 1415 990 1468 παρέθηκε
1012 1418 1094 1457 τοῖς
1116 1416 1255 1457 ἵπποις

320 1496 418 1541 371.
450 1488 519 1537 τῆς
543 1486 700 1536 Διώνης
725 1484 919 1538 λέγουσιν
948 1485 1050 1526 εἶναι
1082 1483 1279 1537 θυγατέρα
1299 1483 1373 1534 τὴν
1402 1483 1659 1535 Ἀφροδίτην,
1684 1483 1796 1534 διότι,

196 1578 245 1603 20
264 1554 350 1597 ἐπεὶ
373 1554 592 1608 Ἀφροδίτη
612 1555 724 1595 ἐστὶν
745 1553 768 1605 ἡ
793 1553 1025 1607 συνάγουσα
1045 1558 1090 1593 τὸ
1118 1553 1234 1605 ἄρρεν
1259 1553 1322 1593 καὶ
1346 1555 1448 1603 θῆλυ
1469 1552 1642 1602 δύναμις,
1666 1553 1730 1592 διὰ
1751 1551 1796 1592 τὸ

264 1625 427 1677 ἀφρώδη
466 1626 514 1664 τὰ
546 1623 754 1676 σπέρματα
785 1627 862 1664 τῶν
887 1621 994 1677 ζώων
1029 1622 1130 1663 εἶναι
1161 1620 1380 1674 Ἀφροδίτη
1413 1621 1699 1672 ὀνομασθεῖσα,
1731 1620 1797 1661 διὰ

263 1698 378 1734 τοῦτο
405 1694 469 1734 καὶ
501 1693 658 1743 Διώνης
680 1691 841 1745 λέγεται
865 1692 966 1733 εἶναι
989 1691 1179 1744 θυγάτηρ·
1213 1690 1345 1743 διερὸν
1365 1692 1441 1743 γὰρ
1463 1694 1508 1730 τὸ
1540 1692 1710 1741 δίυγρον·
1753 1687 1801 1739 ἐξ

263 1764 474 1817 ὑγρότητος
491 1763 532 1803 δὲ
553 1761 678 1816 <τῆς>
700 1763 743 1803 ἐν
756 1763 801 1817 τῇ
826 1762 1021 1815 συνουσίᾳ
1038 1762 1086 1800 τὰ
1105 1761 1183 1815 ζῷα
1197 1757 1389 1815 (Cornut.
1405 1758 1476 1799 Th.
1493 1771 1590 1808 (224
1600 1772 1639 1811 p.
1657 1767 1712 1809 45
1728 1756 1797 1813 L.)

324 1841 422 1887 379.
454 1831 499 1872 οὗ
520 1827 852 1886 γὰρ-φύλοπις]
879 1829 990 1870 ἔστιν
1010 1829 1033 1879 ἡ

197 1921 245 1958 25
323 1900 421 1956 387·
455 1897 629 1956 κεράμῳ]
654 1900 814 1953 ἀγγείῳ,
837 1899 940 1953 πίθῳ

323 1970 419 2025 388.
451 1967 566 2026 ἆτος]
600 1967 629 2009 ὦ
663 1970 752 2009 ἐστι
788 1969 894 2021 ῥῆμα
926 1970 1075 2019 δηλοῦν
1105 1966 1150 2007 τὸ
1182 1970 1336 2017 πληρῶ,
1370 1967 1391 2006 ὁ
1420 1966 1584 2018 μέλλων
1616 1965 1714 2013 iiam,
1754 1963 1803 2015 ἐξ

265 2039 384 2080 αὐτοῦ
405 2040 509 2088 ῗιτος,
534 2039 598 2079 καὶ
621 2037 719 2078 κατὰ
747 2036 937 2090 στέρησιν
968 2036 1100 2085 ἄατος,
1123 2036 1187 2077 καὶ
1220 2035 1358 2088 κράσει
1389 2039 1467 2076 τῶν
1499 2035 1566 2075 δύο
1603 2036 1654 2076 <Ta
1686 2035 1742 2076 εἷς
1772 2034 1800 2075 ἆ

263 2108 414 2161 μακρὸν
435 2108 528 2150 ἆτος

323 2190 421 2227 400.
453 2174 655 2233 ἠλήλατο]
681 2175 921 2226 ἐνεπέπηκτο

198 2268 248 2303 30
325 2259 423 2300 403.
469 2243 636 2302 αἴσυλα]
671 2246 797 2296 ἄδικα,
838 2242 1076 2298 <ἀ>αίσυλά
1115 2260 1201 2285 τινα
1234 2244 1340 2291 ὄντα,
1374 2242 1421 2283 τὰ
1454 2241 1701 2293 εὖτελήματα
1731 2243 1800 2292 τῆς

267 2316 396 2366 αἴσης,
414 2315 435 2354 ὅ
457 2316 545 2355 ἐστι
566 2318 635 2354 τοῦ
658 2313 902 2364 καθήκοντος

323 2393 420 2436 417.
452 2380 745 2438 κατηπιόωντο]
772 2381 1089 2434 κατεπραΰνοντο

324 2464 423 2503 424.
455 2448 553 2507 τῶν]
578 2451 657 2492 ἀπὸ
679 2451 828 2491 τούτων
1001 2458 1099 2501 425.
1135 2447 1402 2505 καταμύξατο]
1429 2448 1618 2500 κατεξέθη

325 2531 422 2575 473.
456 2517 614 2575 ἑξέμεν]
639 2518 839 2572 φυλάξειν

200 2608 248 2646 35
325 2587 423 2637 486.
457 2583 628 2641 ὤρεσσι]
662 2588 748 2627 ταῖς
783 2583 953 2638 γυναιξί,
982 2586 1088 2637 παρὰ
1119 2583 1164 2625 τὸ
1197 2584 1458 2638 συνεζεῦχθαι
1489 2586 1572 2626 τοῖς
1594 2581 1797 2636 ἀνδράσιν·

269 2656 384 2698 ἔνθεν
407 2655 471 2696 καὶ
494 2655 662 2706 συνωρὶς
684 2654 728 2694 τὸ
751 2652 1061 2706 συνεζευγμένον
1075 2657 1154 2694 τῶν
1175 2655 1310 2695 ἵππων
1328 2654 1461 2707 ὄχημα
1647 2650 1744 2704 ὦρες
1758 2653 1799 2692 αἱ

267 2727 464 2778 γυναῖκες,
487 2723 566 2764 ἀπὸ
588 2726 657 2763 τοῦ
685 2723 858 2776 ὀαρίζειν
879 2720 902 2772 ἢ
927 2721 1200 2774 συναραρέναι·
1254 2722 1370 2764 ἔνθεν
1401 2723 1466 2762 καὶ
1499 2720 1662 2774 ξυνωρὶς
1693 2722 1800 2773 παρὰ

268 2793 314 2834 τὸ
336 2792 621 2845 ξυνηρμόσθαι·
661 2791 749 2832 ἔστι
772 2793 814 2832 δὲ
838 2792 909 2843 ὄαρ
932 2791 996 2831 καὶ
1021 2791 1316 2845 συναλ<ο>ιφῇ
1341 2791 1394 2843 ὥρ
1421 2793 1499 2834 B÷

315 2927 343 2956 5.
363 2916 484 2948 ἔλασσε
511 2920 523 2954 11
549 2926 596 2948 11.
615 2917 658 2948 ad
678 2925 739 2958 339
756 2915 937 2957 ἄμβροτον]
956 2915 1008 2947 ὢςε
1027 2916 1121 2947 omisi
1149 2920 1161 2954 Η
1191 2925 1239 2946 12.
1257 2914 1425 2955 κάμβαλεν
1451 2918 1463 2954 Η
1491 2924 1541 2946 22.
1559 2912 1662 2954 διερὸν
1677 2914 1774 2944 Corn.
1791 2924 1798 2944 :

251 2966 254 2968 “
271 2961 380 2991 δυϊκῶς
405 2964 417 2999 Η
439 2960 487 2991 26.
504 2960 549 2991 ἅω
565 2971 624 3001 pro
639 2959 663 2990 ὦ
679 2961 760 2991 coni.
781 2961 823 2991 W
842 2964 854 2998 ΙΙ
875 2968 923 2999 30.
945 2960 1096 3001 supplevi
1114 2971 1151 2990 ex
1166 2961 1220 2991 Et.
1238 2960 1287 2990 M.
1315 2963 1326 2997 ΙΙ
1355 2968 1405 2998 33.
1423 2963 1497 2999 post
1507 2956 1631 2988 τούτων
1647 2967 1762 2988 rasura
1779 2966 1800 2997 4

270 3006 457 3035 litterarum
477 3008 489 3042 H
510 3013 559 3044 34.
577 3003 712 3043 φυλάξαι
