1939 3227
674 110 901 148 ΙΛΙΑΔΟΣ
935 110 983 147 Δ.
1017 105 1102 162 (4)
1572 104 1654 144 507

185 230 280 275 250.
314 218 550 278 κοιρανέων]
575 219 806 262 διατάσσων
832 233 908 260 rec.

184 300 279 343 251.
312 292 487 342 οὐλαμός
523 289 633 340 τάξις
666 292 934 340 συνεστηκυῖα
966 290 1008 329 ἐκ
1040 286 1081 340 μ’
1113 288 1278 341 ἀνδρῶν.
1337 285 1386 338 ἦν
1417 287 1460 327 δὲ
1493 283 1663 338 φάλαγξ

124 359 236 410 τάξις
260 361 338 401 ἀπὸ
359 359 419 413 ρκ’
441 361 593 412 ἀνδρῶν
615 358 702 403 Α-ὶ-

185 438 282 484 253.
315 427 488 485 εἴκελος]
523 431 748 480 διφορεῖται
772 430 816 467 τὸ
839 427 1008 474 ἁπλοῦν,
1033 425 1078 466 τὸ
1110 426 1152 466 δὲ
1186 425 1378 465 σύνθετον
1411 422 1472 465 ἀεὶ
1506 425 1571 465 διὰ
1602 426 1660 464 δι-

127 499 312 551 φθόγγου
1682 500 1703 537 5

186 568 280 618 258·
315 565 435 624 ἔργῳ]
460 565 483 618 ἢ
506 568 551 622 τῇ
576 566 714 621 ἐνέδρᾳ

186 644 282 688 259.
314 633 545 692 γερούσιον]
572 637 670 676 κατὰ
691 634 809 686 τιμὴν
831 634 1039 684 διδόμενον

187 705 283 747 262.
315 703 476 761 πλεῖον]
500 706 648 757 πλῆρες
826 704 920 755 264.
953 699 1096 759 πάρος]
1125 703 1320 754 πρότερον

187 775 282 815 266.
316 774 490 827 ἐρίηρος]
514 773 726 825 εὐάρεστος

189 843 284 895 276.
319 840 540 898 Ζεφύροιο]
565 841 588 893 ἢ
616 843 694 883 ἀπὸ
717 845 786 882 τοῦ
810 842 934 894 ζόφου
957 841 1021 882 καὶ
1043 841 1111 890 τῆς
1133 839 1284 882 δύσεως
1307 838 1439 880 πνέων
1463 838 1549 883 Α-ξ-
1689 847 1736 871 10

187 921 283 965 279.
316 909 460 967 σπέος]
487 910 693 961 σπήλαιον

188 992 283 1035 290.
315 982 368 1034 τῷ
393 997 435 1021 κε
456 979 544 1033 τάχ’
569 976 754 1035 ἠμύσειε]
779 979 902 1021 οὕτως
925 978 974 1019 ἂν
995 977 1149 1031 ταχέως
1170 978 1388 1030 πορθηθείη
1412 991 1493 1016 rec.

189 1062 285 1104 294.
319 1046 564 1104 στέλλοντα]
591 1047 849 1100 ἐτοιμάζοντα

190 1127 285 1173 295.
319 1114 639 1173 Πελάγοντα-]
678 1117 787 1157 οὗτοι
824 1115 1034 1169 ταξίαρχοι
1070 1117 1264 1169 ὑπῆρχον.
1327 1114 1528 1167 βασιλεὺς
1564 1113 1663 1168 <δέ>

129 1189 219 1230 ἐστι
240 1186 402 1230 πάντων
422 1191 501 1227 τῶν
523 1188 689 1227 Πυλίων
711 1187 732 1226 ὁ
756 1185 925 1237 Νέστωρ
947 1185 1038 1225 Α--
1692 1192 1738 1229 15

188 1270 286 1312 303.
322 1253 542 1312 ἱπποσύνῃ]
567 1257 612 1311 τῇ
638 1256 777 1310 ἱππικῇ
803 1255 987 1309 ἐμπειρίᾳ

188 1334 285 1381 305.
319 1322 657 1380 ἀλαπαδνότεροι]
683 1323 970 1376 ἀσθενέστεροι

190 1395 286 1450 306.
320 1395 362 1437 ὃς
383 1394 427 1435 δέ
449 1394 480 1434 κ’
504 1391 621 1450 ἀνήρ]
656 1393 693 1434 οἳ
724 1395 797 1444 μὲν
828 1393 945 1433 τοῦτό
973 1397 1077 1445 φασι
1099 1392 1400 1446 παραγγέλλειν
1432 1391 1566 1442 αὐτόν,
1588 1393 1668 1442 ἵνα,

131 1464 175 1508 ὃς
197 1464 246 1506 ἂν
267 1465 463 1515 πολεμίου
490 1463 662 1515 ἅρματος
694 1461 895 1514 κρατήσας
919 1463 1059 1517 ἐπιβῇ,
1080 1461 1257 1514 μάχηται
1281 1461 1344 1502 καὶ
1366 1461 1418 1512 μὴ
1438 1460 1670 1512 ἐξελαύνειν

132 1533 350 1589 σπουδάζῃ·
383 1533 420 1573 οἳ,
442 1533 485 1573 δὲ
502 1533 638 1574 οὕτως·
670 1532 782 1574 ὅστις
805 1531 836 1572 δ’
860 1531 908 1572 ἄν
930 1536 1059 1583 φησιν
1077 1531 1264 1586 ἀποπέσῃ
1282 1534 1351 1570 τοῦ
1374 1532 1474 1572 ἰδίου
1497 1530 1669 1583 ἅρματος
1692 1542 1740 1567 20

132 1604 198 1644 καὶ
220 1603 284 1644 ἐπὶ
307 1605 376 1643 τοῦ
398 1602 577 1652 πλησίον
609 1600 893 1654 παραγένηται,
914 1600 967 1651 μὴ
999 1599 1212 1653 ἡνιοχείτω
1245 1599 1309 1640 διὰ
1342 1600 1386 1640 τὸ
1417 1600 1519 1641 εἶναι
1551 1599 1670 1639 αὐτὸν

131 1674 176 1714 ἐν
207 1673 350 1726 ἀγνοίᾳ
381 1675 448 1712 τοῦ
479 1670 599 1721 ἤθους
632 1673 710 1710 τῶν
738 1671 885 1719 ἵππων,
908 1669 1044 1721 δόρατι
1077 1671 1119 1709 δὲ
1149 1671 1310 1720 μᾶλλον
1342 1667 1558 1719 ἀμυνάσθω
1581 1667 1672 1710 τοὺς

133 1742 351 1793 πολεμίους
372 1740 463 1780 A=

192 1823 289 1865 314.
321 1807 416 1866 βίη]
441 1810 562 1851 οὕτως
584 1808 747 1860 δύναμις
924 1820 1021 1863 321.
1053 1805 1117 1864 ἔα]
1142 1808 1231 1848 ἀντὶ
1248 1810 1318 1847 τοῦ
1340 1806 1388 1858 ἧν

193 1889 290 1934 327.
323 1879 346 1930 ἡ
371 1879 504 1919 εὐθεῖα
525 1879 545 1917 ὁ
568 1878 720 1920 Πετεός
749 1880 818 1918 τοῦ
851 1880 1018 1926 Πετεοῦ,
1041 1877 1092 1919 ὡς
1114 1877 1224 1919 ἐνεός
1247 1878 1373 1923 ἐνεοῦ,
1398 1875 1462 1916 καὶ
1481 1875 1674 1917 Ἀττικῶς
1697 1889 1744 1927 25

136 1948 217 1991 κατ’
234 1947 451 1990 ἐπέκτασιν
464 1950 533 1987 τοῦ
554 1950 575 1987 ὃ
599 1948 654 1989 εἰς
672 1946 701 1986 ὦ
723 1946 867 2000 γέγονε
885 1946 1058 1988 Πετεώς·
1089 1945 1141 1988 ὡς
1159 1946 1237 1986 ἀπὸ
1261 1949 1330 1985 τοῦ
1353 1944 1564 1987 Μενέλαος
1587 1946 1674 1985 Με-

137 2016 282 2061 νελάου
315 2016 531 2058 Μενέλεως
561 2018 716 2068 γίνεται
750 2017 848 2056 κατὰ
878 2014 1084 2057 Ἀττικοὺς
1119 2015 1184 2055 καὶ
1217 2014 1296 2055 ἀπὸ
1328 2017 1397 2054 τοῦ
1428 2014 1528 2056 λαός
1560 2013 1676 2060 λεώς,

137 2088 238 2128 οὕτω
263 2084 326 2127 καὶ
352 2085 429 2126 ἀπὸ
450 2088 519 2125 τοῦ
541 2085 694 2127 Πετεός
726 2084 898 2133 Πετεώς,
923 2084 1009 2125 εἶτα
1029 2083 1052 2134 ἡ
1077 2083 1214 2137 γενικὴ
1237 2086 1307 2123 τοῦ
1329 2085 1468 2124 Πετεῶ
1491 2080 1556 2122 καὶ
1578 2083 1678 2122 κατὰ

137 2155 398 2207 πλεονασμὸν
419 2154 530 2208 τοῦ-ὖ
552 2153 695 2206 γέγονε
717 2155 738 2173 “
754 2156 917 2194 Πετεῶο
933 2151 955 2168 ”
976 2153 1067 2191 A—

196 2225 295 2279 328.
327 2220 695 2278 μήστωρεςάυτῆς]
720 2221 928 2273 δυνάμενοι
951 2223 1051 2261 κατὰ
1075 2220 1211 2274 μάχην
1231 2219 1540 2272 βουλεύσασθαι
1561 2219 1651 2264 A-l-
1698 2240 1749 2277 30

197 2307 294 2349 334.
327 2291 494 2349 πύργος]
520 2291 631 2343 τάξις
651 2292 742 2330 A:
927 2299 1023 2346 335.
1054 2287 1222 2346 Τρώων]
1248 2288 1348 2330 κατά

198 2376 294 2417 343.
328 2357 618 2418 ἀκουάζεσθον]
644 2363 837 2402 καλεῖσθε
859 2374 937 2400 rec.

199 2433 296 2487 346.
330 2430 419 2483 ὄφρ’
444 2430 657 2483 ἐθέλητον]
681 2430 754 2472 ἕως
777 2430 821 2470 οὗ
843 2429 988 2481 θέλητε
1010 2443 1091 2469 rec.

200 2509 296 2555 347.
329 2497 495 2555 ὁρόῳτε]
520 2501 643 2554 ὁρῷτε
818 2500 916 2553 363.
948 2495 1202 2554 μεταμώλια]
1226 2496 1377 2549 μάταια

201 2578 297 2625 372.
329 2565 631 2624 πτωσκαζέμεν]
657 2567 971 2619 καταπτήσσειν,
995 2570 1151 2608 δειλιᾶν
1702 2583 1750 2621 35

201 2639 298 2693 376.
334 2637 454 2691 (ἄτερ
476 2637 705 2690 πολέμου>]
738 2636 902 2689 πέμψας
932 2638 1008 2690 γὰρ
1041 2637 1097 2679 εἰς
1130 2634 1321 2686 Μυκήνας
1344 2635 1576 2686 συμμαχίαν
1595 2632 1683 2689 ᾔτει

143 2709 209 2749 ἐπὶ
241 2708 464 2758 Θηβαίους.
517 2705 701 2756 Θυέστης
731 2707 804 2757 μὲν
836 2706 905 2747 οὖν
937 2707 1102 2755 ἑτοίμως
1133 2705 1276 2752 ἐδίδου,
1310 2706 1454 2755 σημεῖα
1490 2703 1533 2743 δὲ
1565 2702 1683 2743 αὐτὸν

144 2777 323 2819 ἐκώλυσε
346 2779 496 2827 φαῦλα·
529 2774 768 2817 ἐπελθόντες
791 2774 859 2815 οὖν
882 2775 936 2816 εἷς
958 2776 1028 2816 τὰς
1055 2772 1202 2823 Θήβας
1225 2774 1262 2812 οἱ
1281 2771 1458 2825 Ἀργεῖοι
1480 2771 1684 2821 πέμπουσι

144 2845 400 2899 πρεσβευτὴν
426 2843 567 2893 Τυδέα,
591 2842 632 2885 ὃς
659 2844 722 2883 καὶ
754 2843 997 2893 καταλαβὼν
1016 2845 1207 2895 γυμνικὸν
1229 2842 1363 2893 ἀγῶνα
1395 2840 1685 2893 συμμαχούσης

192 2941 218 2962 2.
236 2929 451 2968 συνεστηκυῖα.
467 2928 520 2958 D:
545 2927 759 2958 συντετακυΐα
785 2930 797 2965 ΙΙ
824 2927 855 2958 6.
880 2926 952 2966 ἤτοι
971 2926 1079 2966 ἐνέδρᾳ
1096 2925 1179 2957 coni.
1198 2926 1241 2955 W
1260 2929 1272 2963 Η
1302 2934 1350 2966 14.
1372 2925 1524 2966 supplevi
1549 2935 1588 2955 ex
1614 2925 1645 2955 D
1670 2927 1682 2962 ΙΙ

147 2974 472 3049 ῗὺδρῖξὶξὴεωω
498 2975 510 3010 ΙΙ
538 2973 589 3011 38.
608 2972 649 3002 εἷς
665 2970 719 3002 τὰς
737 2970 843 3010 Θήβας
860 2972 910 3002 D:
936 2971 970 3002 ὲν
986 2971 1054 3001 ταῖς
1072 2969 1193 3009 Θήβαις
1210 2975 1243 3001 ut
1261 2970 1293 3000 A
1312 2972 1325 3007 ΙΙ
1345 2978 1396 3011 39.
1414 2968 1467 2999 καὶ
1484 2972 1557 3010 post
1574 2968 1627 3009 ἀγ.
1647 2973 1684 3000 ut
