1939 3227
662 92 890 130 ΙΛΙΑΔΟΣ
923 94 969 131 A.
1004 90 1018 146 (
1040 91 1091 147 1)
1559 95 1644 134 487

167 216 235 259 32.
270 203 490 261 σαώτερος]
514 204 601 255 ἤτοι
624 207 740 246 σῶος.
785 204 1039 257 συγκριτικὸν
1061 205 1149 246 ἀντὶ
1171 207 1304 246 ἁπλοῦ
1326 209 1357 246 Α
1373 216 1408 251 -Ι-

268 270 403 329 νέηαι]
428 274 608 329 συστολῇ
631 276 700 313 τοῦ
723 279 740 312 ῖ
914 285 982 327 33.
1015 271 1214 330 ἔδδεισεν]
1240 276 1432 316 Αἶολικόν

167 353 236 394 34.
268 340 345 398 βῆ]
371 343 598 395 ἀφαίρεσις·
632 340 694 382 καὶ
719 341 806 382 ἔστι
828 345 906 382 τῶν
930 340 1075 383 Ἰώνων

167 419 231 464 35.
265 408 482 468 ἀπάνευθε]
508 411 665 461 ἶωνίζον
799 424 866 465 39.
900 408 1109 467 χαρίεντα]
1134 415 1203 452 τὸν
1227 412 1406 466 εὔχρουν,
1428 417 1497 453 τὸν
1521 415 1646 456 καλόν

200 477 387 587 Ιέρεψα]
411 478 681 532 ἐστεφάνωσα
1665 492 1686 530 5

1487 548 1502 563 «λ

227 547 475 602 .<ἐέλδωρ>
504 546 649 605 [παρὰ]
677 548 722 589 τὸ
755 548 883 600 ἔρδειν
910 551 1008 600 πρὸς
1040 548 1181 589 ἑαυτὸν
1214 550 1279 590 καὶ
1311 549 1456 598 ἕλκειν,
1483 567 1506 600 η
1540 552 1647 602 παρὰ

108 616 153 657 τὸ
165 560 278 659 ἔλδω

166 698 234 735 42.
268 687 317 726 τὰ
339 687 414 738 ε’μᾶ
436 686 583 739 δάκρυα
606 687 706 727 οὕτω
732 683 932 742 [τῖσαι-μυ
953 690 1035 729 τοῖς
1061 689 1149 729 σοῖς
1169 685 1374 738 βέλεσσιν

166 754 233 806 56.
251 753 308 779 Η
323 754 463 806 κήδετο
484 755 631 808 ἡ“Ήρα
652 759 730 795 τῶν
748 759 930 806 Δαναῶν,
948 756 1007 796 ὅτι
1031 759 1076 795 τὸ
1093 746 1365 809 Ἀργοςὸλον
1389 757 1494 808 ἱερὸν
1517 756 1648 808 αὐτῆς,

109 823 245 865 ἄλλως
273 840 316 865 τε
346 824 409 864 καὶ
437 823 485 875 ἦν
516 826 761 877 ὑβρισθεῖσα
785 824 862 864 ὑπὸ
883 823 1165 877 Ἀλεξάνδρου,
1189 824 1241 867 ὡς
1264 825 1329 866 καὶ
1361 824 1384 876 ἡ
1418 824 1572 876 Ἀθηνᾶ
1605 828 1648 868 ἐν
1671 842 1719 868 10

108 893 155 948 τῇ
178 895 247 932 τοῦ
267 891 396 944 μήλου
420 894 550 945 κρίσει
573 897 605 932 Α
621 903 655 936 -ἱ-

268 959 406 1017 ὁρᾶτο]
430 961 616 1004 Ἰωνικῶς

167 1040 237 1083 57.
269 1029 324 1057 **
338 1028 526 1086 ἤγερθεν]
560 1030 701 1083 ἐγείρω
734 1031 870 1082 ἐγερῶ,
899 1031 919 1070 6
953 1031 1244 1082 παρακείμενος
1279 1030 1441 1084 ἤγερκα,
1474 1032 1494 1071 ὁ
1520 1034 1648 1081 παθη-

109 1103 216 1141 τικός
256 1116 438 1152 ηγερμαι,
483 1101 503 1140 ὁ
551 1100 737 1150 ἀόριστος
784 1098 965 1152 ἠγέρθην,
998 1099 1043 1139 τὸ
1085 1100 1218 1152 τρίτον
1253 1104 1332 1141 τῶν
1369 1102 1648 1151 πληθυντικῶν

109 1167 277 1222 ἤγερθεν
300 1169 500 1211 Αἶολικῶς
521 1166 544 1218 ἢ
570 1171 758 1221 Δωρικῶς
1672 1186 1717 1220 15

167 1237 234 1288 58.
267 1235 393 1293 τοῖσι]
420 1238 462 1278 ἐν
485 1236 618 1280 αὐτοῖς

169 1307 236 1348 62.
267 1303 404 1363 μάντι]
431 1306 508 1347 ἀπὸ
530 1309 599 1346 τοῦ
620 1309 679 1357 μῶ
702 1305 748 1346 τὸ
767 1307 880 1357 ζητῶ·
915 1306 938 1346 ἄ
967 1336 974 1346 .
1000 1337 1007 1346 .
1031 1324 1095 1358 μν.
1132 1306 1208 1359 γὰρ
1230 1305 1283 1357 ἤμ
1308 1338 1316 1346 .
1342 1338 1349 1346 .
1373 1310 1514 1348 τοῦτον
1535 1305 1650 1359 λέγει

168 1376 237 1430 63.
272 1376 336 1416 καὶ
366 1374 442 1428 γάρ
473 1373 507 1414 τ’
538 1371 654 1431 ὄναρ]
688 1373 713 1424 ἤ
744 1391 781 1414 τι
814 1375 1017 1427 ὄναρ-οὗ
1038 1377 1114 1427 γὰρ
1137 1373 1298 1425 πᾶν-ἢ
1326 1378 1370 1415 τὸ
1394 1376 1490 1426 ὄναρ
1513 1374 1558 1415 τὸ
1582 1376 1648 1426 ἐμ-

111 1444 358 1496 φαινόμενον
383 1445 436 1498 τῷ
460 1461 504 1485 οι
509 1461 622 1496 ειρο
609 1445 707 1499 όλῳ

169 1514 236 1563 64.
271 1509 519 1570 ἐχώσατο]’
501 1517 579 1553 απὸ
602 1516 670 1553 τοῦ
691 1530 769 1566 χεω
787 1513 880 1566 χώω
904 1513 924 1552 6
945 1511 1109 1563 μέλλων
1131 1512 1256 1565 χώσω
1671 1529 1720 1552 20

169 1582 236 1622 66.
259 1579 443 1638 τελείων]
474 1581 560 1632 ἤτοι
589 1586 667 1623 τῶν
703 1581 840 1636 ἡλικία
878 1580 1124 1633 ὁλοκλήρων”
1167 1582 1461 1633 λελωβημένον
1495 1581 1570 1634 γὰρ
1605 1581 1650 1622 οὐ

110 1651 245 1693 θύεται
268 1654 351 1691 Α-

169 1730 236 1773 70.
268 1719 294 1747 *
309 1720 387 1761 ἀπὸ
409 1724 477 1761 τοῦ
496 1719 595 1775 ᾔδεα
616 1724 637 1741 “
651 1719 724 1776 ᾔδη
740 1717 761 1734 ”
937 1718 979 1761 ὃς
1000 1716 1095 1775 ᾔδη]
1120 1718 1164 1759 τὸ
1187 1719 1229 1760 5}
1254 1718 1363 1770 κοινὴ
1389 1718 1582 1770 συλλαβή

270 1791 319 1830 τὰ
339 1792 420 1838 νῦν,
442 1791 490 1829 τὰ
510 1788 724 1840 μέλλοντα,
747 1790 796 1829 τὰ
818 1788 1085 1843 παρῳχηκότα
1108 1791 1192 1827 A=

170 1869 236 1911 72.
268 1855 515 1914 ἐυφρονέων]
540 1857 627 1908 ἤτοι
648 1856 788 1909 μάντις
1673 1873 1718 1907 25

270 1926 293 1977 ἢ
318 1928 360 1967 ἐκ
383 1925 647 1979 παραλλήλου
669 1930 714 1966 τὸ
737 1925 843 1974 αὐτό,
866 1922 888 1975 ἦ
912 1928 956 1964 τὸ
981 1929 1001 1947 “
1019 1923 1282 1977 ἀγορήσατο”
1308 1926 1395 1967 ἀντὶ
1420 1928 1489 1966 τοῦ
1512 1926 1650 1968 ἁπλῶς

113 1997 236 2044 εἶπεν,
259 1996 304 2037 τὸ
337 1997 378 2036 δὲ
402 1994 676 2046 ((μετέειπεν”
703 1996 800 2035 κατὰ
830 1997 982 2034 λεπτὸν
1015 1993 1255 2046 ἐξηγήσατο.
1298 1995 1318 2034 ὁ
1351 1995 1393 2035 δὲ
1421 1994 1651 2047 Πορφύριος

566 2063 587 2078 ’ἱ
617 2064 634 2077 ΡΙ

113 2066 157 2106 τὸ
187 2067 260 2116 μὲν
283 2069 307 2086 “
323 2063 552 2117 ἀγορήσατο
612 2081 671 2104 οτι
699 2063 810 2105 εἶπεν
844 2060 887 2117 [ὃ.
910 2060 1104 2119 ἐγέν]ετο,
1127 2063 1171 2103 τὸ
1203 2064 1245 2103 δὲ
1268 2067 1290 2085 “
1305 2062 1515 2114 μετέειπεν
1534 2061 1558 2080 ”
1583 2061 1647 2120 [ἃ]

111 2134 208 2186 μετὰ
233 2137 355 2174 ταῦτα
377 2134 529 2183 ὤφειλε
551 2132 740 2185 γενέσθαι

173 2212 237 2255 75.
270 2199 429 2258 τοίγαρ]
455 2200 501 2252 δη
1672 2217 1721 2252 30

172 2273 237 2324 78.
270 2267 588 2326 **><0)x0)ffe'p,ev]
614 2274 691 2310 τῶν
715 2269 915 2322 Δωριέων·
950 2271 1095 2310 ἐκεῖνοι
1126 2272 1201 2322 γὰρ
1224 2270 1272 2310 τὰ
1295 2271 1350 2312 εἰς
1374 2274 1432 2312 ει-ι)
1455 2268 1533 2325 [εἷς
1556 2269 1644 2326 ἑῇ]-

112 2345 155 2383 Η)
175 2343 450 2392 μεταποιοῦσι,
471 2339 616 2392 τύψειν
637 2338 827 2391 τυψέμεν·
867 2340 904 2379 οἱ
927 2341 969 2380 δε
993 2340 1156 2381 Αἰολεῖς
1183 2355 1319 2389 εμεναι
1339 2338 1533 2391 λέγουσιν

174 2410 240 2449 80.
277 2405 475 2464 <χερηι)]
500 2425 668 2462 χερειων
696 2405 943 2464 χερεί[ονος]
967 2409 1142 2461 χερείονι
1165 2405 1306 2463 χερΠι·
1331 2406 1400 2464 δι’]
1427 2408 1496 2449 οὖν
1522 2409 1647 2449 ἐπαλ-

114 2479 265 2530 ληλίαν
287 2481 366 2519 τῶν
388 2478 456 2518 δύο
479 2494 508 2518 ιι
533 2478 658 2532 τροπῇ
682 2493 750 2517 του
775 2474 882 2532 [ἑνὸς
905 2478 961 2519 εἷς
984 2480 1039 2528 ἡί
1046 2475 1180 2530 ίχέρηι
1195 2475 1241 2533 ²⁷]

162 2625 188 2646 2
214 2626 272 2645 rou
295 2626 313 2644 τ
334 2618 345 2651 Η
373 2623 402 2655 9.
426 2614 577 2654 sequitur
595 2612 695 2654 ”Ηρη]
719 2613 800 2653 γυνὴ
823 2613 874 2644 καὶ
899 2615 935 2644 θυ
956 2612 961 2656 1
981 2612 1055 2645 Διὸς
1078 2614 1098 2653 ἡ
1109 2613 1192 2654 ’Ἡρα
1215 2614 1235 2644 ἀ
1256 2612 1261 2656 1
1281 2613 1436 2653 ὁάναρον.
1458 2638 1464 2644 .
1508 2612 1541 2654 ,ᾖ
1562 2611 1650 2643 εὐθυς

115 2660 176 2689 αὐτ
198 2684 203 2689 .
225 2683 230 2688 .
252 2657 256 2700 Ι
279 2681 466 2688 ........
488 2656 492 2698 Ι
513 2669 555 2695 μη
579 2657 708 2696 ἀποτῆς
732 2669 764 2696 ης
784 2657 789 2699 l
811 2656 933 2688 ἐκείνου
955 2658 1036 2696 αὐτῆ
1058 2670 1087 2688 τι
1108 2683 1113 2688 .
1134 2661 1167 2695 ,Ι
1188 2669 1256 2696 μη.
1276 2656 1319 2696 ,ἢ
1337 2657 1511 2697 ’γεγόνασιν
1532 2688 1534 2692 ,
1559 2655 1649 2686 ἐκτυς

115 2702 165 2732 ἐπὶ
191 2701 247 2732 τὰς
271 2700 367 2732 αὐτὰς
390 2699 422 2731 νέ
443 2702 446 2741 Ι
470 2725 475 2730 .
494 2701 584 2731 νεΐσα
601 2699 663 2740 ’γὰρ
684 2701 726 2731 εἰς
742 2705 787 2731 λ.
806 2700 839 2742 ‚1
860 2702 879 2741 ἡ
897 2700 988 2732 οὐσία
1007 2700 1044 2732 τό
1066 2712 1102 2731 τε
1124 2701 1182 2741 πῐρ
1203 2700 1207 2742 Ι
1229 2700 1279 2731 καὶ
1300 2701 1358 2731 τὸν
1380 2699 1456 2730 ἀλλ’
1474 2699 1617 2739 ὑψίστη.
1641 2699 1646 2740 Ι

115 2754 167 2784 καὶ
183 2753 232 2784 διὰ
254 2753 351 2784 τοῦτο
368 2751 458 2783 Ῥέαν
476 2778 482 2784 .
503 2777 509 2783 .
530 2774 531 2788 ¹
528 2753 585 2783 λ.
606 2759 649 2792 ’γᾶ
669 2753 756 2792 αὐτῷ
779 2753 802 2783 ἐ.
824 2753 827 2794 Ι
849 2755 919 2785 θυσ.
938 2765 959 2783 π
979 2765 1025 2794 ρυ.
1044 2766 1051 2783 ι
1074 2788 1076 2795 Α
1074 2753 1222 2792 Κρόνον
1245 2751 1295 2783 διὰ
1314 2777 1320 2783 .
1339 2777 1345 2784 .
1365 2777 1370 2783 .
1394 2753 1425 2792 ,f
1447 2750 1593 2804 ταμίαςΧ
1583 2745 1594 2771 ἶ
1610 2763 1648 2789 με

119 2835 126 2841 .
146 2811 220 2849 ,ὶγ
238 2833 350 2840 .....
369 2819 427 2837 vav
448 2841 450 2848 y
448 2808 530 2838 ubi
568 2808 736 2838 hastulam
767 2809 873 2848 posui,
905 2819 1019 2849 margo
1050 2819 1070 2838 a
1103 2808 1292 2848 bibliopega
1323 2782 1648 2847 circu111cisus;xagi

117 2853 252 2884 xidetur
283 2853 324 2883 de
355 2852 534 2891 allegorica
565 2852 627 2881 loci
659 2852 947 2891 interpretatione,
974 2851 1177 2887 cf.Eust.[1
1209 2858 1256 2891 17.
1283 2856 1345 2881 ‘an
1376 2849 1506 2888 ἄμεινον
1535 2848 1598 2889 ’γὰρ
1629 2848 1648 2887 ἣ

122 2895 255 2935 μανικὸν
272 2895 388 2926 τοῦτον
406 2893 517 2933 λέγειν
533 2895 574 2925 cf.
592 2895 646 2925 E.t
664 2893 724 2925 M!
742 2895 784 2925 W
811 2899 823 2932 Η
852 2905 900 2926 20.
926 2894 976 2934 χῶ
1000 2896 1059 2926 alt.
1088 2898 1098 2931 ΙΙ
1129 2904 1177 2925 21.
1206 2894 1247 2924 ad
1271 2893 1310 2934 65
1330 2893 1447 2924 κνίσσα
1464 2892 1533 2923 ἐστὶ
1556 2892 1607 2923 καὶ
1629 2894 1649 2933 ἡ

118 2944 162 2975 λι,
179 2944 309 3013 ceteras?
329 2948 368 2989 2⁸0
389 2938 456 3011 felre
472 2939 608 2969 litterae
625 2938 769 2969 detritae
795 2941 806 2976 ΙΙ
834 2948 882 2978 23.
904 2949 935 2970 05
952 2939 1086 2979 scripsi:
1113 2939 1175 2978 levvi
1197 2936 1234 2966 τὸ
1252 2950 1285 2977 ιγ
1313 2941 1324 2975 ΙΙ
1350 2938 1397 2968 28.
1422 2936 1527 2978 suppl.
1545 2947 1610 2968 rec.
1632 2942 1645 2975 Η

121 2992 172 3023 34.
197 2994 279 3024 supp
297 2994 345 3014 ev!
361 2993 397 3012 (ιι
439 3002 445 3011 ,
