1939 3227
641 113 865 151 ΙΛΙΑΔΟΣ
898 114 950 151 Θ.
984 110 1076 165 (8)
1543 111 1627 149 519

833 243 886 281 Θ.

150 310 186 340 2.
221 299 339 357 Ζεύς]
365 301 387 352 ἡ
411 300 625 352 εἱμαρμένη

151 381 214 417 14.
246 367 458 425 βέρεθρον]
493 370 530 409 οἳ
555 368 785 409 Μακεδόνες
809 365 989 419 ζέρεθρον
1010 365 1238 419 γράφουσιν

150 448 215 491 23.
247 435 459 493 πρόφρων]
482 438 582 489 μετὰ
604 436 822 489 προθυμίας

146 518 215 559 43.
258 506 336 546 ἕλω
368 506 413 546 τὸ
445 504 655 558 λαμβάνω·
698 505 719 544 ὁ
755 503 936 555 δεύτερος
971 503 1158 555 ἀόριστος
1191 504 1314 544 εἶλον·
1357 504 1377 543 ὁ
1409 506 1626 554 παθητικός
1647 516 1668 553 5

88 574 310 628 εῖλῖόμην]”
355 574 400 615 τὸ
432 575 566 627 τρίτον
591 575 722 614 εἵλετο
759 571 822 613 καὶ
857 574 1038 628 συγκοπῇ
1079 573 1143 613 καὶ
1181 573 1334 627 ἐκβολῇ
1369 576 1438 612 τοῦ
1473 578 1488 613 ῖ
1519 573 1625 613 ἕλτο·

89 644 215 698 τροπῇ
233 647 302 683 τοῦ
318 635 348 682 λ
373 644 429 686 εἷς
450 645 472 685 ὖ
495 643 558 683 καὶ
584 643 828 696 πλεονασμῷ
847 645 916 682 τοῦ
936 640 965 694 ’γ
985 645 1008 662 “
1025 640 1142 694 γέντο
1156 640 1178 655 ”

144 712 213 760 48.
246 710 472 768 Γάργαρον]
502 710 747 764 ἀκρωτήριον
765 710 872 761 Ἴδης

246 779 466 833 Γάργαρον,
489 784 533 820 τὸ
567 778 811 832 ἀκρωτήριον
839 780 906 828 τῆς
924 778 1044 830 Ἴδης,
1066 778 1154 829 ἤτοι
1183 779 1262 819 ἀπὸ
1284 782 1352 819 τοῦ
1373 779 1628 832 γαργαρίζειν

88 847 153 889 καὶ
189 849 419 890 ἀναδιδόναι
456 851 504 889 τὰ
535 850 659 889 ὕδατα
691 846 714 898 ἢ
751 848 829 888 ἀπὸ
865 850 1097 899 μεταφορᾶς
1130 851 1199 887 τοῦ
1235 849 1278 888 ἐν
1311 851 1395 890 τοῖς
1428 849 1627 899 στόμασιν
1651 863 1697 887 10

85 915 197 967 ἡμῶν
232 921 521 970 γαργαρεῶνος,
564 919 634 967 τῆς
675 916 898 970 λεγομένης
940 919 1163 968 σταφυλῆς·
1209 917 1273 957 καὶ
1313 917 1390 969 γὰρ
1426 916 1471 956 τὸ
1513 919 1628 967 σῶμα

86 988 201 1025 τοῦτο
225 986 303 1026 ἀπὸ
325 986 478 1039 παχέος
502 987 557 1027 εἷς
579 984 651 1036 ὀξὺ
673 986 737 1026 καὶ
759 985 911 1025 λεπτὸν
931 983 1063 1038 λήγει.
1097 987 1185 1037 τρία
1208 985 1252 1025 δέ
1279 987 1384 1026 εἰσιν
1405 985 1628 1038 ἀκρωτήρια

86 1056 156 1104 τῆς
174 1053 282 1105 Ἴδης
304 1057 456 1095 Λεκτὸν
478 1053 686 1106 Γάργαρον
707 1052 900 1104 Φαλάκρη
924 1052 992 1108 (cf.
1017 1053 1067 1092 ad
1092 1052 1143 1093 Il.
1170 1066 1234 1103 14.
1262 1053 1362 1109 284)
1386 1057 1469 1100 Α-ξ-

785 1122 877 1144 Χςςῖ

143 1130 211 1176 59.
245 1119 487 1179 ὀρυμαγδός]
511 1121 709 1175 γράφεται
733 1139 797 1163 και
857 1121 1108 1175 ορυγμαδός”

144 1192 212 1231 61.
243 1189 394 1248 ῥινούς]
420 1191 490 1233 τὰς
511 1192 670 1244 βύρσας
847 1190 913 1240 64.
947 1188 1127 1246 εὐχωλή]
1149 1191 1347 1244 καύχησις
1652 1208 1696 1243 15

144 1260 211 1302 66.
243 1258 342 1316 ἠώς]
366 1261 496 1312 πρωία
679 1269 745 1312 70.
779 1257 893 1315 κῆρε]
916 1261 1057 1312 μοίρας

273 1328 535 1382 τανηλεγέος]
563 1327 882 1380 μακροκοιμήτου
1060 1327 1125 1368 80.
1160 1327 1294 1384 οὖρος]
1320 1328 1458 1381 φύλαξ

146 1409 240 1447 104.
277 1396 556 1453 <ἠπεδανός>]
585 1396 770 1447 ἀσθενής,
803 1395 926 1437 οἱονεὶ
958 1398 1168 1447 ἀπεδανός,
1192 1399 1212 1437 ὁ
1242 1398 1296 1449 μὴ
1329 1397 1547 1450 δυνάμενος
1577 1399 1626 1440 δι’

82 1466 319 1518 ὑπερβολὴν
342 1467 555 1508 ἀσθενείας
578 1467 621 1506 ἐν
643 1467 696 1520 τῷ
724 1465 843 1520 πέδῳ,
858 1466 880 1506 ὅ
903 1467 991 1506 ἐστι
1013 1466 1066 1520 τῷ
1091 1465 1245 1518 ἐδάφει,
1269 1469 1423 1517 στῆναι·
1456 1468 1627 1518 ἔμπεδος

84 1536 161 1588 γὰρ
182 1534 346 1588 λέγεται
370 1536 390 1574 ὁ
415 1536 458 1576 ἐν
482 1536 534 1589 τῷ
557 1533 663 1589 πέδῳ
688 1534 736 1575 δι’
761 1535 882 1588 ἰσχὺν
904 1535 1032 1577 ἑστὼς
1053 1535 1238 1586 βεβαίως
1262 1538 1329 1574 ΑΒ
1344 1546 1378 1579 ÷
1648 1557 1698 1580 20

146 1616 240 1658 109.
274 1601 419 1659 τούτω]
443 1604 534 1646 τοὺς
557 1603 653 1646 σοὺς
675 1604 820 1646 ἵππους

245 1669 460 1729 κομείτων]
488 1670 818 1724 θεραπευέτωσαν
950 1670 1201 1728 τώδε-νῶι]
1226 1672 1315 1715 τοὺς
1337 1672 1626 1725 ἐμοὺς-ἡμεῖς

146 1741 241 1781 118.
275 1738 378 1797 ἰθύς]
404 1741 464 1782 ἐπ’
490 1741 646 1784 εὐθείας

149 1818 241 1864 135.
274 1810 625 1863 προ<σ>ληπτέον
654 1814 856 1862 κεραυνοῦ·
891 1810 991 1851 ὅπου
1018 1810 1095 1863 γὰρ
1124 1810 1173 1852 ἂν
1204 1811 1391 1863 κεραυνὸς
1423 1811 1540 1868 πέσῃ,
1574 1813 1625 1855 ὡς

84 1881 193 1920 θεῖον
215 1879 297 1928 ὄζει
319 1880 362 1920 ἐν
385 1880 523 1934 ε’κείνῳ
546 1879 598 1934 τῷ
623 1879 733 1934 τόπῳ
758 1882 842 1920 Α--
1647 1899 1694 1935 25

145 1959 238 2001 139.
271 1945 472 2005 φόβονδε]
498 1950 553 1990 εἷς
576 1947 710 2001 φυγήν
889 1962 981 1999 140.
1015 1950 1036 1989 ὅ
1058 1946 1139 2005 τοι]
1164 1950 1225 1990 ὅτι
1249 1967 1316 1990 σοι

271 2013 396 2072 ἀλκή]
422 2016 594 2067 βοήθεια
716 2018 810 2067 164.
844 2015 1042 2074 εἴξαντος]
1067 2019 1267 2070 φυγόντος

147 2084 240 2136 165.
273 2083 482 2142 γυναῖκας]
507 2087 577 2128 τὰς
597 2085 788 2138 ἡμετέρας

148 2153 242 2206 178.
275 2153 488 2210 ἀβληχρά]
519 2152 751 2211 [βλη]χρὸν
782 2154 826 2195 τδ
861 2155 1042 2205 ἀσθενές,
1066 2156 1130 2195 καὶ
1163 2156 1260 2196 κατὰ
1294 2153 1523 2213 [ἐπίτασιν]
1556 2161 1624 2197 τοῦ

85 2225 111 2264 ᾗ
141 2223 366 2276 ἆβληχρόν,
391 2224 455 2263 καὶ
477 2225 516 2263 οἱ
541 2225 668 2276 ἰατροὶ
689 2223 898 2277 βληχροὺς
921 2224 1111 2276 πυρετοὺς
1133 2224 1223 2266 τοὺς
1244 2225 1503 2277 μικροτάτους
1644 2244 1694 2278 30

272 2290 421 2348 ἐρύξει]
449 2291 672 2346 ἐπισχήσει

145 2367 237 2410 179.
269 2356 406 2414 ἵπποι]
433 2359 521 2408 ἐμοί
700 2358 791 2400 188.
823 2356 1072 2414 προτέροισι]
1099 2363 1177 2400 τῶν
1199 2359 1339 2402 ἄλλων
1361 2361 1494 2401 ἵππων

147 2427 238 2479 196.
271 2424 414 2483 τούτω]
440 2431 509 2467 τὸν
536 2426 723 2479 Νέστορα
745 2428 809 2468 καὶ
831 2427 900 2468 τὸν
919 2427 1100 2479 Διομήδη

146 2503 235 2547 197.
270 2492 478 2551 αὐτονυχί]
504 2499 728 2547 διφορεῖται
751 2498 858 2548 παρὰ
879 2500 962 2539 τοῖς
984 2500 1173 2540 παλαιοῖς

144 2564 238 2603 206.
273 2560 353 2619 Ζῆ]
378 2563 576 2615 γράφεται
599 2565 662 2604 καὶ
685 2568 710 2586 “
726 2564 860 2607 Ζεύς”
1643 2585 1692 2619 35

144 2642 239 2683 215.
275 2630 512 2688 εἰλομένων]
538 2633 969 2687 συναθρ<ο>ιζομένων
1131 2632 1254 2691 εἴλει]
1280 2634 1603 2689 συνήθρ<ο>ιζεν

145 2712 239 2742 221.
272 2700 521 2757 πορφύρεον]
546 2706 776 2754 πορφυροῦν
951 2701 1099 2757 φᾶρος]
1127 2702 1282 2753 ἱμάτιον
1304 2707 1385 2747 Α-ί-

145 2781 240 2823 223.
272 2770 296 2819 ἤ
326 2770 366 2822 ῥ’
391 2771 433 2810 ἐν
457 2770 649 2825 μεσσάτῳ
682 2768 797 2827 ἔσκε]
818 2772 938 2822 αἰτία,
962 2774 1027 2812 διὰ
1058 2773 1097 2811 τί
1129 2772 1224 2822 ἔστη
1255 2773 1311 2814 εἷς
1343 2772 1416 2823 τὴν
1447 2775 1523 2823 νῆα
1553 2778 1621 2814 τοῦ

82 2837 317 2880 Ὀδυσσέως

132 2921 180 2942 10.
205 2911 363 2950 στόμασιν
380 2913 432 2944 A:
459 2912 604 2950 σώμασιν
622 2917 659 2944 ut
678 2914 708 2944 D
726 2914 781 2945 Et.
801 2914 850 2945 M.
872 2919 884 2953 11
908 2924 956 2956 19.
975 2913 1084 2953 ἐδάφει
1107 2914 1157 2945 D:
1173 2926 1210 2953 -ῳ
1230 2918 1241 2950 ΙΙ
1264 2923 1311 2954 24.
1331 2915 1481 2955 supplevi
1500 2927 1538 2947 ex
1556 2916 1587 2946 A
1607 2920 1619 2953 Η

85 2988 134 3017 31.
154 2980 323 3020 ἑπισχὴσει
344 2981 393 3012 D:
420 2982 484 3023 legi
502 2981 622 3021 ἑπιέχει
650 2986 662 3018 Η
690 2991 738 3022 34.
758 2983 952 3022 διαφορεῖται
982 2989 993 3021 Η
1024 2984 1074 3021 33.
1103 2983 1171 3013 ἔστι
1196 2972 1232 3013 ε”Κ
1251 2984 1309 3021 ι’ῆα
