1939 3227
621 116 847 155 ΙΛΙΑΔΟΣ
882 115 928 156 Ξ.
959 112 974 169 (
992 112 1076 171 14)
1531 114 1615 153 539

144 237 237 278 172.
268 225 414 284 ἑδανῷ]
439 228 620 283 συστολῇ
642 230 711 267 τοῦ
730 234 755 277 ῆ
781 228 836 270 εἷς
857 234 876 269 ἓ
893 227 933 267 Α
947 236 981 271 -1-

143 297 236 348 176.
269 294 491 353 πεξαμένη]
519 297 741 338 κτενίσασα

144 365 237 405 180.
271 363 450 422 ἐνετῇσι]
475 365 553 407 ἀπὸ
575 368 644 405 τοῦ
666 365 844 407 ἐνίεσθαι
866 367 949 407 τοῖς
973 366 1142 417 ἱματίοις

143 433 236 474 181.
268 432 476 492 θυσάνοις]
501 436 692 488 κροσσοῖς

143 503 237 544 182.
270 501 437 560 ἕρματα]
462 504 604 545 ἐνώτια
624 501 716 542 A=
899 500 1013 559 ἧκεν]
1039 501 1198 552 ἐνέηκεν
1637 514 1659 552 5

272 569 462 629 λοβοῖσι]
486 575 570 614 τοῖς
591 573 765 614 ἁπαλοῖς
787 575 866 612 τῶν
888 571 1017 613 ὠτίων

143 640 234 693 185.
267 638 463 698 νηγατέῳ]
489 641 634 682 νεωστὶ
654 639 855 695 γενομένῳ
1044 647 1135 693 195.
1168 636 1287 696 αὔδα]
1311 638 1409 693 λέγε

143 710 234 764 196.
262 712 296 752 εἷ
318 710 486 763 δύναμαι
511 709 663 752 τελέειν
685 708 749 751 καὶ
778 711 811 751 εἷ
843 708 1130 761 τετελεσμένον
1151 706 1282 766 ἐστίν]
1306 712 1422 750 τοῦτο
1445 709 1615 761 ὕστερον

81 779 274 831 πρότερον
296 780 360 820 καὶ
381 780 663 833 πρωθύστερον

141 860 236 890 202.
269 847 312 888 ἐὺ
332 846 501 904 τρέφον]
524 846 610 900 μετ’
632 848 864 899 ἐπιμελείας
885 847 1036 901 ἀνῆγον
1641 863 1689 888 10

140 927 235 970 203.
267 914 416 973 Ῥείης]
441 919 531 970 περὶ
552 919 621 968 τῆς

142 997 236 1037 204.
269 986 356 1028 ἀντὶ
388 990 457 1026 τοῦ
488 985 747 1038 κατέπεμψεν
777 986 944 1037 ἀφῆκεν.
989 985 1031 1025 ἐκ
1063 988 1132 1025 τοῦ
1165 986 1250 1036 ἵημι
1279 985 1324 1026 τὸ
1348 984 1490 1036 πέμπω
1514 986 1612 1026 εἵσω

81 1056 174 1096 εἶσα
206 1056 319 1097 εἷσας
358 1055 445 1096 εἷσε
485 1056 549 1095 καὶ
579 1057 680 1106 μετὰ
710 1057 780 1095 τοῦ
812 1053 912 1094 κατά
952 1057 1188 1105 προθετικοῦ
1221 1053 1460 1104 “καθεῖσε,”
1495 1058 1564 1094 τοῦ
1595 1056 1618 1092 ῖ-

81 1124 137 1166 εἷς
154 1114 181 1164 θ
203 1123 454 1176 τρεπομένου,
479 1123 540 1164 ὅτι
561 1123 605 1163 τὸ
626 1123 712 1174 ἵημι
734 1125 778 1162 τὸ
799 1121 943 1172 πέμπω
965 1120 1181 1163 δασυντέον

141 1192 235 1234 216.
268 1189 474 1248 ὀαριστύς]
500 1192 638 1243 ὁμιλία
1642 1204 1688 1243 15

141 1270 235 1312 217.
268 1258 496 1317 πάρφασις]
520 1259 840 1314 παραλογιστική
1019 1271 1115 1302 221.
1148 1260 1170 1300 ὅ
1191 1257 1247 1317 τι]
1273 1260 1364 1301 εἴτι

141 1341 236 1383 229.
270 1326 486 1385 ἐξἈθόω]
512 1330 624 1382 ὄρους
649 1327 810 1383 Θρᾴκης
832 1328 920 1372 A÷

141 1410 235 1448 240.
267 1395 516 1454 ὑπὸ-ἥσει]
540 1397 736 1449 ὑποθήσει

142 1477 236 1520 250.
269 1467 367 1510 Διὸς
388 1464 491 1523 υἱός]
516 1469 536 1507 ὁ
558 1466 765 1519 εΗρακλῆς

139 1536 345 1589 Ἡρακλῆς
392 1536 724 1588 ἀνακομιζόμενος
759 1536 859 1588 μετὰ
895 1536 939 1576 τὸ
975 1537 1175 1589 πορθῆσαι
1210 1537 1359 1589 Τροίαν
1395 1537 1611 1590 γενόμενός
1639 1554 1689 1579 20

82 1623 125 1647 τε
161 1608 259 1646 κατὰ
295 1605 339 1646 τὸ
374 1606 542 1658 Αἰγαῖον
574 1604 752 1658 πέλαγος
787 1604 989 1656 βουλήσει
1021 1604 1153 1659 ’Ἠρας
1185 1607 1346 1659 σφόδρα
1387 1606 1614 1659 συνεσχέθη

80 1679 265 1729 χειμῶνι·
307 1674 542 1725 κατασυρεὶς
571 1675 613 1714 δὲ
646 1675 701 1717 εἷς
734 1676 825 1715 Κῶν
856 1674 1035 1726 ἐκωλύθη
1068 1676 1259 1727 ἐπιβῆναι
1284 1677 1353 1725 τῆς
1384 1674 1509 1726 νήσου
1539 1677 1616 1716 ὑπὸ

82 1743 316 1797 Εὐρυπύλου
351 1747 421 1784 τοῦ
460 1747 719 1786 Ποσειδῶνος
760 1744 1055 1795 βασιλεύοντος
1096 1744 1235 1795 αὐτῆς·
1280 1743 1532 1796 βιασάμενος
1573 1746 1616 1786 δὲ

81 1813 134 1855 ὡς
154 1813 309 1868 λῃστὴς
331 1814 478 1863 ἐπιβὰς
500 1813 636 1853 ἀνεῖλε
667 1812 736 1853 τόν
758 1829 801 1853 τε
834 1812 1069 1865 Εὐρύπυλον
1102 1813 1164 1853 καὶ
1196 1812 1285 1856 τοὺς
1318 1817 1461 1856 παῖδας
1483 1813 1613 1863 αὐτοῦ,

80 1883 209 1935 μιγεὶς
233 1884 275 1923 δὲ
302 1883 347 1937 τῇ
371 1882 534 1934 θυγατρὶ
561 1881 679 1922 αὐτοῦ
701 1882 915 1937 Χαλκιόπῃ
939 1885 1164 1923 Θεσσαλὸν
1187 1881 1403 1935 ἐγέννησεν
1419 1881 1508 1927 Α-ὶ-
1640 1899 1686 1936 25

142 1961 237 2005 253.
270 1949 328 2008 οἷ]
354 1951 455 2006 αὐτῷ
636 1958 731 2003 255.
764 1948 851 2006 μίν]
877 1955 945 1992 τὸν
965 1950 1176 2003 ςΗρακλέα

143 2021 237 2073 256.
271 2019 292 2060 ὃ
314 2017 376 2076 δέ]
401 2021 421 2059 ὁ
445 2019 543 2062 Ζεύς
722 2021 816 2061 261.
849 2017 983 2077 ἅζετο]
1013 2019 1244 2073 ἐνετρέπετο

143 2090 236 2130 281.
270 2086 343 2145 τώ]
369 2088 476 2128 οὗτοι
647 2086 836 2144 Ἴμβρου]
864 2091 987 2140 νῆσος
1010 2088 1173 2143 Θρᾴκης

143 2157 236 2200 282.
268 2155 518 2213 πρήσσοντε]
544 2159 735 2198 κόπτοντε

144 2227 238 2277 284.
271 2223 444 2282 Λεκτόν]
470 2225 713 2279 ἀκρωτήριον
733 2228 801 2277 τῆς
820 2225 939 2278 Ἴδης,
968 2226 1215 2278 κεκλημένον
1242 2227 1319 2268 ἀπὸ
1350 2231 1419 2268 τοῦ
1446 2230 1489 2271 ἐν
1510 2229 1614 2284 αὐτῷ
1637 2246 1688 2283 30

83 2298 368 2347 κατακλιθῆναι
391 2296 472 2335 Δία
495 2296 558 2336 καὶ
574 2294 720 2347 ‘'Hpav.
781 2294 819 2349 γ’
841 2297 884 2337 δὲ
906 2297 955 2337 τὰ
977 2295 1199 2348 ἀκρωτήρια
1225 2297 1291 2346 τῆς
1320 2296 1438 2348 Ἴδης,
1463 2300 1617 2340 Λεκτόν

82 2364 287 2418 Γάργαρον
308 2364 499 2417 Φαλάκρη
524 2363 593 2419 (Cf.
616 2365 668 2405 ad
691 2363 743 2405 Il.
768 2365 805 2407 8.
826 2363 902 2420 48)
923 2364 962 2404 A
979 2374 1014 2409 ÷

141 2434 237 2489 326.
271 2431 501 2490 Δήμητρος]
529 2435 598 2483 τῆς

141 2514 237 2557 333.
271 2500 348 2558 ἔοι]
372 2500 584 2558 ὑπῘάρ]ξοι
761 2515 856 2558 344.
890 2501 1113 2560 διαδράκοι]
1138 2504 1406 2546 κατοπτεύσαι

142 2580 238 2625 347.
271 2571 467 2622 νεοθηλέα
489 2571 625 2627 ποίην]
647 2574 812 2626 χλωρὰν
832 2572 1012 2625 βοτάνην
1637 2590 1686 2628 35

143 2640 237 2695 348.
270 2637 420 2696 λωτόν]
445 2640 548 2683 εἶδος
569 2642 715 2694 χόρτου
735 2641 823 2687 Α-1-

142 2722 239 2765 349.
273 2707 440 2765 πυκνόν]
465 2710 568 2751 ὥστε
590 2713 757 2762 ποιῆσαι
781 2715 944 2764 στρῶμα

276 2776 478 2834 μαλακόν]
502 2777 780 2832 ἀναπαύσιμον
957 2777 1088 2837 ἔεργε]
1112 2779 1251 2823 αὐτοὺς
1273 2781 1435 2834 ἀνεῖχεν

129 2891 157 2920 4.
181 2880 331 2919 κροσσοΐς
348 2880 399 2911 D:
417 2880 475 2911 -αΐς
501 2884 512 2918 11
541 2889 568 2921 7.
592 2879 659 2911 αὕδ’
686 2885 698 2919 ΙΙ
728 2890 775 2921 13.
800 2882 858 2913 τοῦ
875 2884 895 2912 ῖ
911 2883 1045 2923 scripsi:
1075 2881 1193 2913 τούτου
1219 2886 1230 2920 ΙΙ
1260 2891 1308 2913 22.
1326 2880 1512 2921 κατασυρεῖς
1528 2881 1615 2918 AB2,

84 2923 288 2963 κατασυρθεὶς
307 2925 356 2955 D:
381 2922 462 2953 κατὰ
479 2923 572 2964 σύρης
612 2929 623 2962 ΙΙ
667 2935 716 2966 24.
742 2924 793 2955 κάὶ
809 2930 888 2957 ante
909 2927 948 2956 ὡς
972 2927 1128 2966 supplent
1152 2927 1260 2957 AB²¹D
1301 2929 1313 2964 ΙΙ
1356 2935 1404 2968 29.
1430 2926 1616 2967 explicatur

85 2967 269 3008 πλήσσοντε
311 2971 322 3005 ΙΙ
364 2976 413 3008 34.
438 2967 650 2999 κατοπτεῦσοι
687 2972 699 3007 Η
738 2970 787 3009 38.
812 2969 941 3009 ἀνεῖχεν
958 2970 1008 3001 D:
1033 2969 1162 3000 ἀνεῖλεν
