1939 3227
645 102 871 140 ῐΛΙΑΔοΣ
904 103 953 140 Φ.
986 99 1101 156 (21)
1555 99 1639 138 553

162 222 256 266 335.
289 210 570 269 ἀναχωρῆσαι]
594 212 683 263 ἤτοι
706 214 906 266 ἆναχώρει

161 295 257 336 339.
290 283 334 324 οὐ
355 286 428 334 μὲν
449 282 524 336 γάρ
547 299 605 325 τις
626 281 1054 339 ἄλλος-ἐξεναρίξει]
1080 282 1130 335 μέ

160 353 256 407 362.
291 350 451 409 στιχός]
477 352 541 394 διά
660 352 756 407 376.
790 351 1030 410 προμάχιζε]
1056 354 1302 406 προπολέμει

161 421 258 476 385.
289 420 466 478 Τμώλῳ]
492 424 582 475 ὅρος
604 423 752 463 Λυδίας

285 488 427 546 οὝδης]
451 491 474 542 ἡ
498 494 568 532 νῦν
591 489 814 541 καλουμένη
838 490 1006 542 Σάρδεις
1662 499 1684 538 5

161 557 257 614 387.
291 559 460 613 κεάσθη]
486 561 660 613 ἐσχίσθη
838 560 934 614 388.
968 557 1183 616 ἐπεύξατο]
1209 560 1464 614 ἐκαυχήσατο

160 641 256 683 391.
280 626 448 685 Γυγαίῃ]
473 629 552 669 ἀπὸ
574 629 700 682 Γύγου
723 630 828 671 τινός
841 628 928 673 Α-ὶ-
1032 642 1130 679 401.
1154 629 1238 669 καθ’
1264 627 1415 685 ἵππων]
1441 631 1540 669 κατὰ
1562 632 1638 669 τῶν

159 710 258 748 402.
291 695 400 753 ἕθεν]
421 698 539 739 αὐτοῦ
633 710 731 751 403.
755 696 918 754 ἤρυγεν]
938 700 1034 739 ποιὰ
1050 697 1173 749 λέξις,
1191 697 1279 749 ἤτοι
1297 698 1521 749 ἐμυκήσατο
1538 697 1577 737 Α
1590 723 1628 728 -

158 779 255 817 404.
287 764 455 823 ἄνακτα]
480 767 549 807 τὸν
571 769 812 808 Ποσειδῶνα
828 767 869 806 Α
883 777 916 811 4-

159 849 259 887 412.
293 838 413 888 θυμός
437 837 582 890 ἐστκν
603 836 651 889 ὁ)
675 835 823 888 μεταξὺ
844 840 924 876 τῶν
947 840 1116 878 κλειδῶν
1138 837 1317 887 κείμενος
1337 835 1440 887 ὑμήν
1666 850 1712 875 10

160 915 258 959 415.
289 903 449 962 ἤντετο]
473 905 626 956 ὑπήντα
742 905 840 955 418.
872 903 1076 962 λιασθείς]
1102 906 1307 947 κυλισθεὶς
1329 906 1546 959 χωρισθείς

160 988 258 1026 424.
291 972 514 1031 ἀνέπαλτο]
541 975 637 1016 λίαν
812 982 910 1026 425.
944 971 1223 1030 ἐσεμάσσατο]
1250 973 1496 1025 ἐμαλάκισεν

295 1043 583 1098 (ἐσεμάσσατο
607 1041 779 1100 θυμόν>]
807 1043 876 1084 τὸν
899 1045 998 1083 κατὰ
1020 1046 1087 1083 τοῦ
1118 1042 1425 1095 Ἀγαμέμνονος·
1453 1042 1638 1094 μαλακὸν

101 1115 174 1165 μὲν
204 1115 280 1166 γὰρ
305 1115 357 1167 τῷ
381 1112 651 1165 Ἀγαμέμνονι
681 1113 883 1163 ἐποίησεν,
908 1112 1032 1166 ἑαυτῷ
1065 1112 1108 1152 δὲ
1140 1112 1301 1165 τραχύν,
1323 1110 1347 1162 ἢ
1381 1110 1526 1162 ἔνυξεν,
1551 1111 1639 1162 ἤτοι

104 1183 285 1234 κείμενον
307 1181 375 1223 τὸν
396 1183 519 1232 θυμόν
534 1197 610 1232 μου
633 1182 732 1221 κατὰ
753 1185 831 1222 τῶν
846 1181 995 1233 Τρώων
1013 1181 1077 1221 καὶ
1101 1180 1364 1233 ἀνενέργητον
1381 1181 1477 1221 ὄντα
1499 1179 1637 1231 ἔνυξεν
1666 1193 1711 1231 15

159 1260 256 1303 427.
289 1247 568 1306 πτώσσοιμεν]
592 1252 806 1304 δειλιῷμεν
980 1250 1078 1299 482.
1112 1247 1230 1305 τῆλε]
1254 1247 1409 1302 μακράν

290 1319 405 1374 αὐτῇ]
429 1319 503 1360 σύν
679 1331 776 1373 492.
811 1319 1038 1372 εἰλυφάζει]
1062 1320 1174 1367 εἰλεῖ,
1199 1318 1420 1370 συστρέφει
1442 1318 1532 1357 A—

161 1389 258 1442 496.
290 1388 541 1441 τριβέμεναι]
565 1388 692 1430 ἀλοᾶν
871 1384 950 1443 κρῖ]
977 1386 1092 1439 κριθά

293 1456 519 1513 ἐυκτιμένῃ]
542 1457 817 1511 εὐκατασκεύῳ
995 1456 1125 1512 ἀλωῇ]
1149 1456 1275 1498 ἅλωνι

161 1537 258 1581 497.
290 1526 439 1580 λεπτά]
462 1526 510 1567 τὰ
533 1525 649 1579 κριθά
822 1537 920 1577 499·
954 1523 1142 1581 στεῖβον]
1178 1524 1425 1565 κατεπάτουν
1664 1544 1712 1568 20

162 1607 258 1648 501.
292 1593 357 1652 ἃς]
382 1597 444 1637 αἶς
617 1594 880 1648 ῥαθάμιγγες]
903 1596 943 1635 αἱ
964 1596 1122 1647 ῥανίδες

161 1674 258 1717 502.
291 1663 572 1718 ἐπισσώτρων]
601 1667 679 1705 τῶν
700 1668 854 1718 τροχῶν
981 1673 1077 1718 503.
1111 1663 1302 1717 ἀάπτους]
1324 1665 1393 1706 τὰς
1417 1663 1636 1715 ἀπτοήτους

846 1884 894 1922 Φ.

161 1987 199 2029 3.
231 1973 466 2028 διατμήξας]
489 1974 734 2028 διαχωρίσας
909 1987 948 2023 4.
983 1975 1020 2014 οἱ
1043 1972 1183 2026 ἄλλοι]
1203 1974 1240 2013 οἱ
1258 1972 1462 2023 ’Έλληνες

163 2045 200 2083 6.
235 2045 274 2084 οἵ
292 2041 358 2100 γε]
383 2045 420 2084 οἱ
441 2047 575 2095 Τρῶες
753 2054 789 2094 7,
823 2043 994 2096 πρόσθε]
1020 2043 1148 2084 αὐτῶν
1169 2046 1247 2083 τῶν
1268 2043 1416 2094 Τρώων
1665 2055 1711 2092 25

293 2110 498 2169 ἐρυκέμεν]
523 2114 628 2154 ὥστε

165 2193 230 2223 20.
263 2181 415 2235 ἀεικής]
439 2182 618 2234 ἀπρεπὴς
640 2180 843 2234 ἀνδράσιν,
866 2180 952 2231 ἤτοι
974 2181 1218 2233 γυναικώδης

164 2263 228 2306 23.
260 2251 456 2305 πιπλᾶσι]
478 2250 677 2304 γράφεται
701 2256 722 2273 “
742 2253 947 2301 πιμπλᾶσι
964 2250 986 2264 ”

163 2329 229 2373 25.
262 2320 429 2373 δεινοῖο]
452 2320 649 2374 γράφεται
673 2320 735 2361 καὶ
758 2322 865 2370 ἰῶτα,
888 2323 956 2359 τοῦ
978 2320 1087 2360 δίνας
1111 2319 1276 2373 ἔχοντος

161 2401 229 2439 40.
262 2389 482 2442 ἐπέρασσε]
507 2390 729 2439 ἐπώλησεν·
762 2392 886 2441 περᾶν
907 2389 983 2442 γὰρ
1004 2388 1049 2429 τὸ
1071 2391 1222 2429 πωλεῖν
1244 2387 1333 2440 παρ’
1357 2386 1520 2443 (Ομήρῳ
1663 2405 1712 2442 30

163 2458 231 2507 64.
267 2458 456 2511 ὥρμαινε]
480 2462 671 2498 διενοεῖτο

165 2539 229 2580 70.
261 2527 304 2566 ἐκ
326 2530 395 2566 τοῦ
417 2527 472 2566 ἀῶ
494 2526 539 2566 τὸ
562 2526 764 2579 κορέννυμι
787 2528 940 2580 γίνεται
963 2527 1061 2566 ἆσαι
1083 2530 1127 2566 τὸ
1150 2525 1314 2578 κορέσαι
1346 2527 1410 2566 καὶ
1432 2532 1636 2567 πλεονασ-

102 2596 162 2651 μῷ
185 2597 254 2646 τῆς
274 2595 406 2650 με<ν>
433 2599 453 2616 “
472 2595 642 2645 ἄμμεναι
659 2594 683 2611 ”
706 2599 750 2635 τὸ
773 2598 1012 2647 κορεσθῆναι

166 2678 231 2719 79.
264 2664 548 2717 ἑκατόμβοιον]
573 2664 712 2704 ἑκατὸν
733 2668 845 2716 βοῶν
866 2664 982 2716 τιμήν
1100 2663 1253 2716 ἦλφον]
1278 2664 1392 2715 εὗρον

164 2735 229 2775 80.
263 2733 429 2786 ἐλύμην]
453 2732 738 2784 ἐλυτρωσάμην
915 2745 980 2786 97.
1013 2730 1100 2788 μίν]
1124 2733 1193 2773 τὸν
1213 2731 1416 2785 Ἀχιλλέα
1663 2747 1710 2785 35

168 2811 260 2854 105.
292 2802 402 2855 περί]
426 2801 510 2852 ἤτοι
534 2802 893 2855 περισ<σ>οτέρως

167 2885 260 2927 123.
293 2870 666 2924 ἀπολιχμήσονται]
690 2870 977 2921 ἀπολείξουσιν

224 2970 252 3002 7.
278 2960 359 3001 μετὰ
376 2961 439 2992 τῶν
466 2966 477 2999 ΙΙ
505 2970 556 3000 32.
578 2960 661 2992 ἅωτο
678 2961 715 2992 τὸ
731 2973 760 2993 κ.
791 2965 802 2999 ΙΙ
827 2959 902 2992 ἆσαι
922 2961 1057 3001 scripsi:
1082 2958 1146 2990 ἅνω
1174 2963 1186 2997 ΙΙ
1215 2958 1263 2998 36.
1294 2958 1513 2999 περισοτέρους
