1939 3227
342 662 410 707 95-

283 722 438 774 στήωσι

345 800 439 844 105.

833 127 1055 164 [AJAAOE
1092 123 1275 179 P.(17)

401 273 410 281 .
441 235 878 294 χήρωσας--γυναῖκα]
901 237 1030 291 χήραν
1053 239 1246 288 ἐποίησας
1268 238 1339 288 τὴν
1361 241 1527 291 γυναῖκα

399 342 408 350 .
441 305 605 365 ἄρητον]
629 306 652 358 ἢ
675 306 888 359 βλαβερὸν
908 307 931 357 ἢ
955 305 1152 358 ἐπάρατον
1173 307 1212 346 Α
1228 330 1251 339 ω

402 409 409 417 .
443 377 615 430 ἐνείκας]
637 376 849 418 ἀπενείκας

402 479 410 488 .
446 442 715 502 <Φρόντιδι>]
740 444 837 497 πρὸς
859 444 1170 496 ἀντιδιαστολῆν
1193 448 1261 485 τοῦ
1284 445 1449 497 φροντίς

403 547 411 556 .
443 515 699 568 ἐσφήκωντο]
723 513 963 567 ἐσφιγμένοι
986 513 1089 564 ἦσαν
1111 513 1198 558 Α-ὶ-
1385 523 1452 567 54.
1487 511 1565 571 ὅθ’]
1591 514 1690 554 ὅπου

401 616 409 625 .
442 580 685 640 ἐξέστρεψε]
714 582 973 636 ἐξερρίζωσεν

443 653 722 707 περιστείωσι]
746 652 1016 705 περιστήκωσι
1040 653 1116 705 γὰρ
1139 652 1198 703 ἧν,
1223 653 1285 692 καὶ
1313 653 1499 708 ἀποβολῇ
1528 655 1596 692 τοῦ
1619 658 1639 692 ῖς
1667 655 1690 674 “
1706 669 1814 704 περι-

450 721 474 738 ’2

476 792 635 845 <κακῶν
664 791 707 832 δέ
736 809 779 832 κε
807 791 1005 843 φέρτατον
1029 788 1140 846 εἵη>]
1173 791 1216 830 ἐκ
1243 795 1320 831 τῶν
1349 794 1514 831 πολλῶν
1542 794 1672 831 κακῶν
1700 794 1815 831 τοῦτο

215 873 262 897 10
284 860 457 912 ἄμεινον·
490 861 557 902 δύο
578 863 654 914 γὰρ
678 864 807 901 κακῶν
834 859 1102 913 προκειμένων
1125 864 1169 900 τὸ
1193 861 1246 911 μὴ
1269 863 1406 913 χεῖρον
1427 859 1596 911 βέλτιον
1612 860 1698 904 A÷

346 942 440 984 134.

347 1000 439 1053 136.

346 1076 438 1120 155.

473 930 577 981 νήπι’
602 927 758 985 ἄγοντι]
784 930 875 972 τοὺς
898 929 1097 980 σκύμνους
1121 928 1396 984 ἐπιφερομένῳ

473 996 724 1055 ἐπισκύνιον]
749 999 794 1039 τὸ
815 1002 884 1038 τοῦ
906 999 1123 1050 προσώπου
1146 998 1268 1050 δέρμα
1285 998 1324 1037 Α
1340 1021 1363 1029 w

471 1068 515 1109 τὸ
552 1068 652 1120 θέμα
685 1072 761 1120 φῶ,
796 1067 927 1120 φήσω,
960 1070 980 1107 6
1017 1068 1304 1119 παρακείμενος
1337 1067 1513 1119 πέφηκα,
1548 1068 1568 1107 6
1600 1070 1817 1118 παθητικὸς

284 1137 478 1189 πέφημαι,
517 1137 562 1177 τὸ
598 1137 780 1189 δεύτερον
816 1136 1012 1189 πέφησαι,
1044 1137 1064 1175 6
1095 1136 1177 1187 μετ’
1211 1137 1352 1189 ὀλίγον
1382 1136 1547 1187 μέλλων
1579 1135 1815 1187 πεφήσομαι

217 1216 262 1253 15
284 1206 451 1261 πεφήσῃ
475 1209 496 1227 “
512 1206 741 1258 πεφήσεται
756 1204 776 1220 ”

348 1276 439 1326 156.

346 1345 439 1397 165.

346 1413 441 1453 166.

347 1494 440 1536 193.

217 1562 265 1586 20
348 1561 439 1605 197-

345 1632 440 1662 201.

345 1698 439 1742 205,

345 1768 440 1810 207.

347 1839 441 1868 220.

217 1906 264 1943 25
347 1907 442 1937 221.

347 1965 442 2006 226.

345 2046 441 2089 230.

346 2111 441 2155 250.

347 2182 438 2225 277.

216 2253 266 2288 30
347 2252 442 2295 297·

473 1272 599 1331 ἐνείη]
625 1275 846 1327 ἐνυπῆρχεν
1025 1282 1119 1325 157.
1151 1271 1340 1329 ἄτρομον]
1367 1273 1530 1325 ἄφοβον

474 1340 734 1399 θεράποντες]
760 1343 912 1393 δηλαδὴ
935 1346 1003 1382 τοῦ
1023 1342 1263 1396 Ἀχιλλέως.
1308 1343 1396 1383 ἔστι
1419 1343 1460 1382 δὲ
1482 1342 1711 1394 ὑπερβατόν

474 1410 725 1468 ἐτάλασσας]
749 1411 963 1463 ὑπέμεινας
980 1411 1066 1456 Α-ι-
1257 1411 1347 1451 180.
1381 1408 1445 1467 ἠέ]
1471 1412 1503 1452 εἰ
1526 1411 1602 1463 ἄρα

471 1484 520 1522 τὰ
542 1481 586 1538 ἃ]
610 1482 658 1522 τὰ
680 1484 761 1523 ἴδια

473 1552 609 1604 ὥσπερ
632 1555 676 1591 τὸ
700 1549 797 1593 στάς
820 1549 999 1598 στάντος,
1022 1551 1121 1590 οὕτω
1146 1551 1208 1591 καὶ
1231 1550 1275 1590 τὸ
1299 1548 1493 1603 “ymnis’'
1515 1546 1709 1603 γηράντος

474 1616 731 1676 καταθύμιος]
755 1618 842 1670 ἤτοι
865 1620 921 1661 εἷς
942 1623 1035 1659 νοῦν
1055 1619 1365 1670 λαμβανόμενος

463 1690 501 1729 6.
534 1688 614 1729 ἀπὸ
641 1689 782 1741 κρατός
804 1705 846 1729 τε
869 1688 933 1729 καὶ
956 1689 1071 1739 ὤμων
1095 1685 1222 1743 εἵλευ]
1248 1688 1420 1740 ἀφείλευ

474 1754 637 1814 ποινήν]
662 1757 838 1808 ἀμοιβήν
853 1757 943 1796 A:
1130 1757 1224 1798 218.
1258 1753 1492 1812 οἰωνιστήν]
1517 1759 1585 1796 τὸν
1605 1754 1748 1807 μάντιν

473 1823 752 1882 περικτιόνων]
776 1829 854 1866 τῶν
877 1825 1183 1877 περιοικούντων

474 1895 632 1945 πληθὺν
655 1892 879 1951 διζήμενος]
905 1893 1083 1944 πλήθους
1106 1894 1292 1945 δεόμενος

474 1962 615 2019 λαούς]
640 1964 728 2006 τοὺς
749 1963 962 2015 ἡμετέρους
1140 1963 1234 2005 228.
1267 1963 1472 2016 ὀαριστύς]
1496 1962 1613 2015 ἀρετή

476 2033 560 2089 εἴξῃ
583 2033 624 2074 δέ
645 2031 701 2090 οἱ]
727 2032 973 2088 ἀποχωρήσῃ
997 2033 1100 2086 αὐτῷ

474 2100 613 2158 δήμια]
640 2105 688 2142 τὰ
714 2103 888 2153 δημόσια
1065 2098 1354 2157 σημαίνουσιν]
1380 2101 1615 2142 κελεύουσιν

471 2169 656 2227 μίνυνθα]
682 2171 770 2212 οὐδὲ
793 2172 934 2224 ὀλίγον
1112 2171 1207 2223 285.
1239 2166 1545 2226 μετεισάμενος]
1569 2170 1775 2221 μετελθών

474 2238 617 2296 αὐλόν]
641 2239 664 2291 ἢ
687 2240 758 2291 τὴν
780 2239 883 2290 ὀπήν

345 2322 442 2364 314.
475 2310 650 2361 θώρηκος
674 2308 841 2362 γύαλον]
866 2310 963 2349 κατὰ
987 2309 1233 2359 περίφρασιν
1254 2307 1323 2348 τὸν
1346 2307 1503 2358 θώρακα
1526 2320 1600 2348 ree.

346 2379 442 2433 338.
475 2378 531 2418 ἔτι
554 2377 628 2431 γάρ
647 2378 723 2431 τις]
747 2379 798 2420 ὥς
820 2394 878 2419 τις

345 2457 442 2501 354.
475 2447 621 2500 ἔρχατο
644 2446 789 2499 πάντη]
812 2446 898 2496 ἤτοι
926 2444 1295 2498 περιπεφραγμένοι
1323 2444 1426 2496 ἦσαν

348 2525 444 2570 371.
477 2514 621 2567 αἰθέρι]
644 2515 774 2568 αἰθρία
798 2515 960 2567 καθαρᾷ,
984 2513 1068 2566 ἀέρι
1090 2514 1277 2568 ἅνεφέλῳ

216 2594 265 2632 35
346 2598 443 2641 373·

345 2669 442 2707 414.

286 2727 433 2779 λόγους

286 2795 423 2836 ποίους

333 2943 360 2965 1.
386 2933 442 2963 ἐπο

288 2986 337 3017 34.
358 2976 408 3007 καὶ
424 2989 443 3008 υ,

475 2585 794 2637 μεταπαυόμενοι
818 2586 859 2624 δὲ
883 2581 1079 2639 μάχοντο]
1105 2585 1144 2623 ἐκ
1168 2586 1358 2637 διαδοχῆς
1380 2585 1421 2623 δὲ
1445 2582 1670 2635 ἐπολέμουν

475 2655 526 2697 ὡς
567 2654 779 2705 ἠθοποιίαν
817 2654 984 2693 ἐνταῦθα
1018 2656 1189 2693 ποιεῖται
1231 2654 1250 2691 6
1292 2652 1458 2703 ποιητὴς
1498 2651 1638 2705 λέγων,
1677 2653 1812 2695 ποίους

457 2723 560 2778 (eiu)
587 2723 701 2764 εἶπον
733 2724 770 2763 οἱ
796 2720 999 2772 ’Έλληνες
1026 2723 1347 2776 ὑπερμαχοῦντες
1378 2724 1445 2761 τοῦ
1478 2722 1716 2773 Πατρόκλου
1749 2720 1812 2762 καὶ

445 2795 482 2834 οἱ
504 2795 638 2845 Τρῶες

444 2932 552 3006 ίησεάΙΙ
581 2932 630 2965 26.
654 2931 808 2972 ἀμέτρους
837 2936 848 2970 ΙΙ
880 2939 928 2972 27.
953 2930 1023 2970 εἵξει
1052 2935 1063 2968 Η
1089 2930 1289 2971 ἀποχωρήσει
1319 2935 1331 2970 Η
1364 2932 1412 2963 28.
1439 2930 1572 2971 δημόσια
1589 2931 1640 2961 D:
1665 2929 1774 2969 δήμεια
1800 2934 1812 2969 Η

446 2980 501 3007 nte
539 2987 565 3007 ν.
583 2976 676 3006 omisi
