1939 3227
637 98 862 136 ΙΛιΑΔΟΣ
895 99 941 137 x.
974 94 1090 152 (22)
1546 97 1628 135 555

149 211 247 263 489.
279 210 495 263 ἔμαρπτεν]
520 208 772 260 συνελάβετο
948 221 1046 262 490.
1081 209 1221 265 σκαιῇ]
1244 209 1289 265 τῇ
1312 210 1421 262 χειρί

149 292 248 334 494.
280 276 434 335 ἴρηκος]
457 276 598 331 ψιλόν.
635 279 698 318 καὶ
723 278 810 318 ἔστι
832 281 912 318 τῶν
934 277 1081 320 Ἰώνων

148 358 246 402 500.
277 347 545 400 πρόφρασσα]
568 347 778 399 προθύμως
802 346 893 385 A:

148 426 244 472 537.
276 416 427 458 ἄνεσάν
448 433 492 457 τε
523 415 652 457 πύλας
674 416 738 456 καὶ
761 415 930 456 ἀπῶσαν
950 414 1093 468 ὀχῆας]
1117 415 1398 468 πρωθύστερον
1420 420 1535 457 τοῦτο

148 493 246 537 557.
278 482 406 541 ἄλλῃ]
432 485 618 538 ἀλλαχοῦ
794 485 891 535 560.
924 484 990 537 ἄν]
1014 484 1202 536 παρέλκει
1654 501 1675 536 5

149 555 246 607 563.
278 554 440 607 πόλιος]
468 554 548 594 ἀπό
724 562 820 605 571.
854 553 986 606 ἀλείς]
1011 552 1320 607 <συ>στραφείς
1342 554 1432 593 A:

149 624 244 663 600.
278 620 487 678 ἑκάεργος]
514 624 534 663 6
556 622 778 664 Ἀπόλλων

839 822 887 859 X.

153 922 188 951 2.
225 911 395 965 <πίον>]
420 911 506 952 εἶπε
532 912 608 964 γὰρ
630 910 783 951 ἄνωθεν
805 908 876 964 (Il.
902 922 966 951 21.
985 909 1101 964 541),
1121 910 1182 950 ὅτι
1203 913 1224 929 “
1243 910 1460 964 καρχαλέοι
1473 910 1495 925 ”
1520 910 1625 962 ἦσαν

153 992 216 1021 12.
249 980 366 1033 ἄλεν]
390 979 733 1032 συνεστράφησαν
750 978 839 1018 A:
967 978 1179 1032 ἐλιάσθης]
1203 979 1432 1031 ἐπλανήθης
1457 993 1535 1020 rec.
1658 997 1705 1023 10

152 1056 216 1099 15.
249 1048 425 1102 πάντων]
450 1049 703 1101 συγκριτικόν
881 1055 945 1099 25.
978 1051 1047 1089 τὸν
1069 1045 1130 1104 δέ]
1150 1048 1219 1088 τὸν
1239 1048 1442 1102 Ἀχιλλέα

150 1128 214 1168 27.
247 1117 447 1170 ἀρίζηλοι]
471 1116 558 1167 ἤτοι
581 1117 777 1169 ἀρίδηλοι,
801 1117 925 1172 τροπῇ
950 1119 1018 1156 τοῦ
1041 1107 1142 1158 δεῖς
1167 1108 1240 1165 {A
1256 1127 1289 1161 4-

148 1198 217 1236 41.
251 1185 460 1239 σχέτλιος]
484 1186 621 1227 ἄδικος
797 1198 866 1239 43.
899 1185 1170 1238 ἀπὸ-ἔλθοι]
1195 1185 1364 1226 ἀπέλθοι

148 1266 217 1304 44.
250 1254 374 1307 εῧνιν]
398 1253 668 1306 ἐστερημένον
842 1262 910 1305 45.
944 1252 1108 1307 περνάς]
1127 1253 1365 1306 πιπράσκων
1387 1253 1477 1294 A:

148 1323 216 1375 58.
239 1324 364 1375 φίλης
383 1320 544 1379 αἰῶνος]
566 1322 784 1374 θηλυκῶςὴ
804 1323 902 1364 αἰών
983 1324 1049 1365 62.
1069 1323 1328 1377 ἑλκηθείσας]
1348 1325 1629 1377 αἰχμαλώτους
1657 1343 1704 1382 15

150 1393 218 1432 66.
253 1392 390 1446 αὐτόν]
416 1392 486 1444 ἐμέ
660 1394 726 1444 69.
761 1392 846 1445 οὕς]
871 1392 988 1435 κύνας

151 1470 217 1513 71.
253 1462 473 1515 κείσονται]
497 1465 718 1503 πεσοῦνται

153 1543 216 1585 73.
245 1530 375 1572 πάντα
397 1533 439 1572 δὲ
463 1533 568 1571 καλὰ
590 1532 752 1572 θανόντι
774 1528 867 1587 περ]
894 1531 958 1572 καὶ
983 1532 1082 1571 κατὰ
1104 1531 1210 1571 πολύ

151 1602 219 1641 80.
253 1599 458 1653 ἀνιεμένη]
481 1603 688 1652 γυμνοῦσα
709 1600 788 1639 ΑΒ
804 1610 837 1644 ÷

153 1668 218 1709 88.
252 1669 394 1710 ἄνευθε
416 1669 459 1710 δέ
481 1687 529 1710 σε
551 1669 654 1722 μέγα
676 1669 787 1722 νῶιν]
811 1669 916 1710 πολὺ
937 1668 1008 1721 ἀφ’
1032 1669 1144 1720 ἡμῶν
1655 1695 1704 1719 20

154 1748 246 1790 117.
281 1738 379 1791 ἅμα]
405 1739 501 1790 ὁμοῦ
664 1736 774 1792 130.
809 1739 982 1792 εἴδομεν]
1004 1738 1193 1790 μάθωμεν

154 1819 247 1857 141.
278 1807 446 1860 ὕπαιθα]
469 1807 697 1859 ἔμπροσθεν
719 1807 754 1846 Β
769 1817 803 1852 -f-
987 1807 1188 1861 λεληκώς]
1210 1806 1320 1848 λάκω
1343 1808 1386 1849 τὸ
1410 1814 1530 1861 φωνῶ

154 1887 249 1926 142.
284 1873 434 1932 ἑλέειν]
458 1879 606 1927 λαβεῖν
784 1874 821 1933 ε’]
848 1877 967 1917 αὐτόν

154 1953 248 1997 145.
281 1945 317 1985 οἳ
340 1945 400 1998 δέ]
425 1947 445 1985 6
466 1945 685 1999 Ἀχιλλεὺς
710 1947 772 1986 καὶ
797 1947 816 1985 6
833 1945 990 1998 ‘'Em-<up

281 2014 452 2067 ἐρινεόν]
475 2015 596 2056 τόπος
619 2018 786 2055 πολλῶν
809 2016 970 2066 ἐρινεῶν
991 2015 1238 2067 περιεκτικός
1654 2043 1701 2081 25

155 2093 248 2134 147.
282 2079 451 2138 κρουνώ]
476 2082 567 2124 τούς
748 2096 840 2137 149.
873 2084 986 2124 ὕδατι
1007 2081 1155 2140 λιαρῷ]
1180 2085 1232 2138 τῷ
1255 2089 1424 2138 χειμῶνι

155 2152 248 2202 184.
282 2152 498 2205 πρόφρονι]
522 2152 706 2207 προθύμῳ
889 2152 980 2203 185.
1015 2152 1146 2205 ἐρώει]
1168 2152 1379 2194 α’ποπαύου

156 2220 248 2273 189.
281 2218 431 2277 δίηται]
456 2221 576 2277 διώκῃ
759 2224 852 2275 198.
886 2219 997 2277 ποτί]
1022 2222 1180 2275 πρό<ς>

155 2302 249 2343 199.
281 2290 501 2343 φεύγοντα]
524 2292 594 2332 τόν
768 2290 943 2343 διώκειν]
971 2292 991 2331 6
1014 2291 1166 2332 διώκων

153 2371 250 2399 200.
283 2359 323 2412 ὅ]
350 2360 370 2399 6
393 2361 632 2410 διωκόμενος
809 2360 896 2413 τόν]
920 2360 988 2401 τὸν
1010 2361 1204 2401 διώκοντα
1649 2383 1700 2418 30

154 2436 248 2479 205.
282 2427 464 2481 καρήατι]
488 2428 532 2468 τὸ
559 2428 707 2481 κάρηαρ
729 2433 798 2470 τοῦ
821 2428 1015 2481 καρήατος

154 2508 248 2549 209.
282 2494 471 2552 ἐτίταινε]
497 2496 694 2547 ἐξέτεινεν
871 2500 965 2539 216.
999 2495 1090 2555 νῶι]
1113 2498 1215 2550 ἡμᾶς
1238 2499 1326 2538 B:

155 2573 249 2616 251.
281 2562 386 2621 δίον]
411 2566 516 2608 τινὲς
539 2566 610 2616 τὴν
632 2569 652 2585 “
669 2569 754 2607 δῖον
767 2566 789 2581 ”
811 2566 899 2618 ἤτοι
922 2568 994 2618 τὴν
1017 2566 1182 2618 ἔνδοξον

155 2635 248 2675 261.
282 2636 387 2676 τινὲς
408 2633 636 2686 γράφουσιν
658 2641 666 2656 ‘
682 2640 705 2656 “
721 2636 875 2677 ἄλαστε
890 2635 911 2651 ”
935 2635 1022 2687 ἤτοι
1052 2636 1161 2677 δεινὰ
1185 2638 1249 2677 καὶ
1272 2638 1524 2688 ἀνεπίληστα
1547 2639 1624 2688 εἶρ-

94 2702 271 2756 γασμένε
286 2702 294 2716 ’
319 2716 396 2742 rec.
414 2702 449 2741 B
462 2729 500 2733 —
1647 2726 1695 2765 35

155 2772 248 2812 280.
281 2771 444 2823 ἠείδεις]
467 2770 642 2824 ἐπέγνως
817 2772 923 2827 ἤτοι]
948 2775 1075 2814 καίτοι

142 2877 168 2898 2.
192 2867 284 2898 adv.
302 2874 363 2908 497
381 2866 489 2908 Λητώ]
514 2866 572 2906 πρό
595 2869 872 2909 superscriptum:
897 2870 991 2900 omisi
1025 2873 1037 2908 ΙΙ
1067 2869 1097 2899 6.
1123 2870 1274 2911 supplevi
1298 2882 1336 2901 ex
1363 2871 1394 2901 A
1429 2875 1441 2909 ΙΙ
1471 2880 1519 2902 11.
1545 2876 1623 2903 ante

95 2922 209 2951 συγκρ.
233 2911 298 2951 legi
323 2909 374 2949 ὐχ“
406 2916 418 2949 Η
453 2920 501 2942 20.
528 2911 570 2941 ad
595 2923 624 2943 v.
654 2921 712 2942 102
737 2914 967 2954 superscripsit
990 2925 1052 2944 rec.
1078 2912 1204 2953 μάχηνῑ
1237 2915 1331 2945 omisi
1362 2920 1373 2953 ΙΙ
1405 2916 1454 2945 28.
1480 2914 1582 2946 διώκει
1609 2920 1622 2953 ΙΙ

95 2963 146 2994 34.
172 2955 213 2985 ad
232 2965 262 2985 ν.
280 2953 335 2984 261
351 2953 490 2995 ἄλαστε]
510 2954 628 2985 πλάνας
645 2957 901 2996 superscriptum
916 2967 922 2987 τ
948 2957 1039 2986 omisi
