1939 3227
290 117 376 155 514
842 120 1068 159 ΙΛΙΑΔΟΣ
1102 122 1147 159 E.
1180 118 1195 175 (
1212 122 1234 159 5
1252 118 1266 175 )

348 230 445 271 666.
470 228 657 288 ἐπιβαῖη]
681 231 934 289 περιπατήσῃ
1101 234 1196 284 672.
1220 232 1318 275 Διὸς
1339 229 1444 288 υἱόν]
1469 232 1538 274 τὸν
1560 232 1801 285 Σαρπηδόνα

349 298 445 350 676.
479 299 532 353 τῷ
553 299 622 353 ῥα]
645 303 705 340 διὸ
728 299 774 351 δή
798 314 875 340 ree.

349 367 445 420 683.
478 366 724 425 ὀλοφυδνόν]
749 370 907 422 οἰκτρόν
927 384 1007 410 ree.
1031 374 1110 416 B÷

348 435 445 489 698.
481 435 791 495 <κεκαφηότα>]
827 438 950 480 κάπος
981 439 1025 479 τὸ
1057 441 1223 489 πνεῦμα·
1262 440 1376 480 ἔνθεν
1409 439 1473 479 καὶ
1506 440 1631 489 κῆπος
1663 440 1684 479 ὁ
1711 456 1820 491 περι-

247 513 268 551 5
291 507 508 556 πνεόμενος
529 505 727 548 πάντοθεν
752 508 930 561 <τόπος>
958 512 987 547 Α
1004 517 1039 551 -1-

348 583 443 625 701.
481 573 646 632 <αἶέν>]
670 578 736 617 διὰ
757 577 904 619 παντὸς
927 575 990 617 καὶ
1014 577 1099 616 οἶον
1121 578 1201 616 κατ’
1225 576 1366 628 ὀλίγον
1388 589 1466 616 ree.

348 642 442 694 708.
468 641 596 700 θὝλῃ]
623 645 742 686 πόλις
762 647 831 695 τῆς
854 645 1044 687 Βοιωτίας
1067 648 1150 690 A÷

348 720 442 765 709.
477 710 727 769 κεκλιμένος]
752 714 1038 765 παρακείμενος
1060 716 1091 752 Β
1106 722 1139 757 ÷

348 789 444 832 715.
479 779 723 838 ὑπέστημεν]
746 781 1031 835 ὑπεσχέθημεν

221 860 269 884 10
348 858 439 901 722.
474 846 679 906 καμπύλα]
702 850 793 892 τοὺς
815 850 1027 901 εὐκαμπεῖς
1202 847 1347 906 κύκλα]
1373 851 1541 904 τροχούς
1565 855 1649 891 A:

347 927 441 971 723.
478 916 783 975 <ὀκτάκνημα>]
819 919 1067 971 ὀκτώραβδα,
1091 919 1190 958 ὀκτὼ
1224 918 1374 970 κνήμας
1406 919 1565 972 ἔχοντα.
1611 920 1644 973 ξ.
1678 921 1822 971 κνῆμαι

287 985 331 1027 δέ
358 988 463 1028 εἰσιν
491 988 531 1027 αἱ
565 989 661 1027 κατὰ
686 991 764 1030 τῶν
790 992 946 1041 τροχῶν
973 988 1119 1040 ῥάβδοι
1151 987 1452 1040 ἐμπεπηγμέναι
1483 992 1582 1040 πρὸς
1613 989 1659 1043 τῇ
1692 1005 1821 1040 χοινι-

289 1056 336 1109 κ<
346 1056 430 1108 ίδ>ι
447 1059 516 1095 ΑΒ
527 1074 568 1091 =

476 1126 525 1164 τὰ
557 1124 689 1165 ἐπάνω
722 1129 800 1166 τῶν
831 1129 986 1178 τροχῶν
1013 1127 1169 1177 σιδηρᾶ,
1193 1125 1217 1165 ἃ
1250 1126 1314 1165 καὶ
1347 1126 1489 1166 κανθοί
1519 1128 1749 1174 καλοῦνται,
1783 1126 1821 1165 οἳ

222 1211 266 1247 15
289 1191 437 1243 ἔξωθεν
459 1197 538 1234 τῶν
558 1197 715 1247 τροχῶν
738 1197 896 1246 σιδηροῖ
916 1192 939 1244 ἢ
961 1196 1112 1247 χαλκοῖ
1133 1194 1270 1233 κύκλοι
1292 1192 1381 1234 add.
1407 1207 1486 1233 rec.

481 1261 588 1312 ἄξων
623 1260 710 1302 ἐστὶ
747 1262 790 1302 τὸ
828 1264 882 1304 εἷς
918 1263 987 1305 τὰς
1021 1263 1243 1315 χοινικίδας
1281 1263 1591 1313 ἐμβαλλόμενον
1635 1261 1821 1314 ἐκατέρου

287 1333 434 1383 τροχοῦ
457 1334 576 1370 AB:

346 1400 442 1450 726.
473 1397 674 1456 πλῆμναι]
700 1401 740 1440 αἱ
763 1402 979 1452 χοινικίδες
998 1403 1031 1440 Α
1046 1411 1080 1446 -4-

475 1471 707 1520 περίδρομοι
730 1466 1035 1525 ἀμφοτέρωθεν]
1062 1469 1319 1522 στρογγύλοι,
1343 1472 1574 1522 περιφερεῖς

219 1556 267 1580 20
347 1547 440 1590 729.
471 1537 592 1590 ῥυμὸς
616 1535 739 1587 ξύλον
759 1537 887 1588 μέσον
909 1537 981 1580 ἕως
1003 1540 1072 1577 τοῦ
1097 1538 1224 1591 ζυγοῦ,
1249 1537 1269 1578 ὃ
1293 1538 1402 1578 ἕλκει
1423 1542 1493 1579 τὸν
1515 1539 1669 1590 δίφρον·
1705 1538 1821 1591 ζυγὸς

287 1605 330 1646 τὸ
353 1607 603 1657 ἐπικείμενον
624 1609 707 1648 τοῖς
730 1607 869 1648 νώτοις
891 1610 969 1648 τῶν
991 1607 1136 1647 ἵππων·
1171 1608 1314 1657 κνῆμαι
1347 1608 1387 1647 αἱ
1417 1606 1564 1659 ῥάβδοι
1586 1607 1627 1646 αἱ
1651 1606 1729 1647 ἀπὸ
1751 1609 1821 1657 τῆς

286 1675 502 1726 χοινικίδος
522 1674 641 1728 μέχρι
663 1678 731 1714 τοῦ
753 1679 912 1728 τροχοῦ·
955 1674 1099 1728 τροχὸς
1130 1674 1174 1715 δέ
1207 1677 1319 1716 ἐστιν
1341 1675 1364 1725 ἡ
1388 1675 1500 1727 ἁψίς,
1522 1673 1546 1725 ἢ
1569 1674 1732 1728 λέγεται
1756 1676 1820 1715 καὶ

286 1744 378 1792 ἶτύς,
400 1742 423 1798 ᾗ
447 1745 487 1784 αἱ
512 1745 654 1794 κνῆμαι
676 1745 743 1794 τῆς
766 1744 984 1797 χοινικίδος
1007 1742 1295 1796 ἐμπήγνυνται·
1330 1746 1508 1795 πλῆμναι
1532 1745 1572 1784 αἱ
1589 1743 1818 1797 χοινικίδες,

287 1813 329 1852 ἐν
350 1813 413 1854 αῖς
434 1811 649 1864 στρέφεται
672 1813 692 1852 ὁ
715 1811 832 1863 ἄξων·
865 1811 971 1862 ἄξων
997 1812 1041 1852 rb
1068 1810 1190 1862 ξύλον
1215 1812 1259 1852 τὸ
1289 1812 1368 1852 ἀπὸ
1395 1816 1542 1865 τροχοῦ
1574 1813 1630 1854 εἷς
1661 1810 1817 1865 τροχόν,

218 1894 265 1932 25
287 1882 506 1934 δεχόμενον
528 1881 595 1923 τὰς
617 1881 798 1932 περόνας·
822 1881 986 1934 ἄντυγες
1004 1882 1053 1920 τὰ
1076 1882 1140 1921 ἐπὶ
1162 1883 1231 1920 τοῦ
1254 1881 1398 1932 δίφρου
1420 1880 1646 1931 ἡμικύκλια·
1671 1879 1818 1932 ἀστρά-

285 1954 341 2001 βη
357 1950 400 1991 τὸ
419 1949 540 2001 ξύλον
560 1949 604 1989 rb
627 1950 756 2002 ὀρθόν,
775 1949 795 1990 ὃ
813 1953 947 2002 κρατεῖ
969 1950 989 1989 ὁ
1010 1948 1175 2002 ἡνίοχος
1198 1949 1294 2000 πρὸς
1317 1949 1361 1989 rb
1381 1949 1434 1999 μὴ
1458 1951 1665 1990 ἐκπίπτειν
1688 1949 1818 1997 αὐτοῦ,

285 2019 307 2058 ὅ
328 2036 433 2061 τινες
453 2019 773 2071 βαρβαρίζοντες
796 2022 991 2059 καλοῦσιν
1012 2017 1222 2069 ἀστραπήν
1243 2031 1318 2058 rec.
1337 2017 1412 2057 AB
1427 2028 1460 2061 -ὒ-

345 2098 441 2142 734.
476 2085 611 2144 ἑανόν]
635 2088 798 2136 λεπτόν,
822 2088 1019 2139 τρυφερόν

344 2158 438 2212 738.
473 2153 804 2212 θυσσανόεσσαν]
830 2155 1028 2208 κροσσοὺς
1051 2156 1229 2209 ἔχουσαν
1252 2159 1458 2208 πανταχοῦ

220 2244 265 2267 ³0
344 2235 439 2280 739.
472 2222 749 2280 ἐστεφάνωτο]
774 2225 1140 2278 περιεκυκλοῦ<το>

345 2305 441 2346 741.
474 2291 676 2349 πελώρου]
702 2293 865 2345 τέρατος
1044 2301 1139 2343 744.
1174 2290 1417 2348 πρυλέεσσι]
1442 2293 1575 2342 πεζοῖς
1599 2296 1682 2337 A÷

344 2372 439 2413 747.
471 2359 768 2417 ὀβριμοπάτρη]
793 2363 964 2414 ὄβριμον
986 2362 1049 2401 καὶ
1073 2361 1240 2414 ἰσχυρὸν
1261 2361 1412 2413 πατέρα
1435 2361 1586 2413 ἔχουσα

343 2439 438 2481 750.
471 2427 559 2486 τῇς]
591 2431 664 2477 αἶς,
689 2432 775 2471 ταῖς
791 2428 937 2481 “Ὠραις
1113 2427 1417 2484 ἐπιτέτραπται]
1444 2430 1739 2482 ἐγκεχείρισται

344 2507 439 2550 751.
474 2494 703 2552 ἀνακλῖναι]
730 2497 988 2549 ἀνακαλύψαι
1166 2495 1382 2554 ἐπιθεῖναι]
1409 2501 1672 2539 κατακλεῖσαι

216 2582 263 2619 35
344 2567 439 2618 761.
472 2562 646 2621 ἀνέντες]
672 2565 962 2607 ἀναπείσαντες

344 2635 439 2689 763.
473 2631 761 2689 ἐξαποδίωμαι]
787 2632 994 2684 ἀποδιώξω
1158 2644 1254 2687 777.
1287 2632 1487 2690 ἀνέτειλε]
1512 2635 1715 2687 ἀνέφυσεν
1736 2648 1815 2675 rec.

328 2774 357 2803 4.
382 2760 479 2793 κάπος
502 2760 540 2791 rb
563 2762 696 2801 scripsi:
728 2759 827 2800 κάφος
857 2759 895 2790 rb
920 2761 999 2799 AD,
1023 2760 1131 2791 κάπτω
1162 2765 1173 2799 ΙΙ
1202 2771 1229 2801 5.
1255 2761 1406 2802 supplevi
1431 2772 1470 2792 ex
1494 2762 1561 2792 AD
1596 2765 1608 2799 Η
1643 2765 1718 2802 post
1741 2760 1815 2791 πάν-

283 2808 376 2836 τοθεν
397 2806 473 2836 add.
490 2815 554 2836 rec.
572 2803 653 2844 παρὰ
675 2803 712 2833 rb
734 2803 843 2833 κάπτω
864 2802 902 2833 rb
919 2802 1001 2833 πνέω
1039 2808 1050 2842 ΙΙ
1082 2814 1129 2836 10.
1155 2805 1306 2843 ἀκαμπεῖς
1332 2809 1343 2842 11
1375 2814 1423 2843 12,
1444 2813 1492 2843 13.
1517 2803 1592 2844 πρὸς
1608 2802 1649 2844 τῇ
1665 2803 1813 2843 χοινικίδι

284 2851 338 2880 Et.
356 2849 425 2880 M.:
450 2847 508 2888 πρὸ
531 2848 586 2886 τῆς
611 2846 750 2887 χοίνικος
775 2850 786 2885 ΙΙ
816 2856 864 2887 15.
891 2857 921 2877 σ.
946 2847 975 2876 οἶ
1001 2858 1033 2885 χ.
1061 2851 1072 2884 ΙΙ
1102 2849 1149 2878 18.
1174 2847 1342 2887 χοινικίδες
1358 2849 1410 2880 A:
1437 2846 1584 2887 χοινικίαι
1616 2850 1628 2885 Η
1660 2857 1708 2880 20.
1734 2852 1814 2879 ante

284 2891 381 2933 ῥυμὸς
408 2901 449 2930 30
474 2892 541 2923 fere
568 2892 701 2922 litterae
727 2896 762 2922 et
786 2894 859 2931 post
885 2899 901 2930 5
929 2891 1090 2921 evanidae
1119 2895 1130 2928 [Ι
1161 2901 1209 2931 24.
1236 2891 1408 2931 στρέφεται
1435 2892 1486 2922 D:
1512 2890 1694 2930 εἰσδέχεται
1721 2894 1733 2929 Η
1762 2900 1812 2931 29.

284 2934 439 2974 κροσσοὺς
462 2936 511 2966 D:
535 2934 641 2964 κυσσὰ
667 2938 678 2972 Η
704 2934 871 2973 πανταχοῦ
893 2934 943 2965 D:
969 2933 1094 2963 πάντων
1123 2937 1134 2971 ΙΙ
1163 2944 1212 2974 30.
1239 2933 1485 2975 ἑστεφανόωντο
1509 2938 1622 2966 textus
1648 2937 1659 2971 ΙΙ
1687 2942 1737 2974 34.
1761 2933 1814 2964 καὶ

283 2979 408 3009 κλεῖσαι
435 2982 446 3015 11
474 2978 524 3017 36.
549 2978 637 3008 ἀποδ.
659 2979 706 3010 Ῑ);
733 2978 818 3008 ὑποδ.
846 2981 858 3015 Η
884 2975 1062 3016 ἀνεφίιησεν
1081 2982 1115 3007 ut
1134 2978 1165 3008 D
