1939 3227
273 115 358 153 550
819 112 1042 150 ῙΛΙΑΔΟΣ
1077 112 1120 149 Σ.
1155 106 1270 163 (18)

330 239 429 280 491.
460 227 527 283 τῇ]
549 226 594 282 τῇ
616 227 688 280 μιᾷ
712 226 830 266 πόλει

329 308 430 349 492.
461 295 624 348 δαΐδων]
652 298 808 347 φωτῶν,
836 291 1056 344 λαμπάδων
1233 303 1330 345 493.
1363 287 1541 346 ἠγίνεον]
1567 288 1664 342 ἦγον

329 378 428 418 494.
461 364 632 417 ἐδίνεον]
656 362 953 415 ἀνεστρέφοντο

331 442 429 486 500.
461 432 727 486 πιφαύσκων]
749 434 963 483 διασαφῶν
1140 438 1237 481 501.
1269 424 1419 483 ἴστορι]
1443 426 1607 479 μάρτυρι
1624 427 1710 471 A÷

232 514 254 551 5
464 499 626 558 πεῖραρ]
651 501 695 542 τὸ
717 500 835 543 τέλος
1011 506 1109 549 505.
1144 494 1258 553 ἕχον]
1283 498 1467 549 ὑπῆρχον

334 579 432 624 515.
464 570 600 623 ἀνέρες
622 570 687 612 οὓς
710 570 779 623 ἔχε
800 565 941 623 γῆρας]
966 566 1151 620 γέροντες
1270 573 1367 618 519.
1400 561 1599 621 ὀλίζονες]
1624 565 1755 617 ὀλίγοι

333 649 431 695 539.
465 637 661 695 ὡμίλευν]
687 636 985 689 ἀνεστρέφοντο

333 718 431 762 542.
465 704 678 763 τρίπολον]
703 707 785 759 τρὶς
806 703 1119 758 ἠροτριασμένον

332 786 426 833 543.
462 773 703 833 ἐλάστρεον]
729 774 906 826 ἤλαυνον

208 861 256 886 10
333 854 431 898 544.
464 842 629 902 τέλσον]
653 844 770 886 τέλος
792 843 851 894 ἦν,
876 843 940 883 καὶ
969 842 1067 883 κατὰ
1093 841 1308 893 μετάθεσιν
1330 840 1455 882 τέλσο
1479 841 1543 881 καὶ
1566 838 1804 893 προ<σ>θέ-

277 933 341 957 σει
363 919 432 956 τοῦ
456 917 478 957 ἶ)
499 918 520 937 “
539 912 730 963 τέλσον,”
754 912 842 963 ἤτοι
865 911 983 954 τέλος

333 985 430 1037 546.
463 979 745 1038 στρέψασκον]
770 980 857 1032 ἤτοι
880 979 1130 1033 ἐστρέφοντο
1250 977 1415 1035 ὄγμους]
1440 978 1530 1020 τοὺς
1553 977 1732 1019 αὔλακας

335 1054 431 1106 548.
462 1049 694 1108 μελαίνετο]
718 1053 867 1103 βαθεῖα
889 1048 1078 1102 ἐφαίνετο
1246 1045 1487 1103 ἀρηρομένῃ]
1512 1044 1802 1102 ἠροτριασμένῃ

335 1131 432 1174 550.
465 1118 648 1176 τέμενος]
673 1120 823 1173 χωρίον
1000 1116 1145 1174 ἔριθοι]
1169 1118 1341 1171 γεωργοί

211 1205 256 1242 15
336 1201 433 1245 551.
468 1187 619 1246 ὀξείας]
644 1187 889 1239 ἠκονημένας

337 1268 435 1314 553.
467 1254 812 1313 ἀμαλλοδετῆρες]
838 1258 875 1296 οἱ
899 1255 1217 1309 δραγματοδέται

337 1329 434 1381 561.
469 1324 623 1383 ἀλωήν]
648 1327 831 1378 ἄμπελον
1009 1325 1106 1379 563.
1141 1322 1337 1380 εἱστήκει]
1362 1323 1384 1373 ἡ
1409 1324 1589 1375 ἄμπελος

470 1393 633 1452 κάμαξι]
658 1395 924 1448 χαρακώμασι
1100 1390 1360 1449 ἀργυρέῃσιν]
1383 1390 1706 1443 βασταζομέναις

339 1466 435 1519 564.
470 1462 593 1521 ἀμφί]
621 1465 738 1514 ἔθηκε
913 1463 1012 1515 568.
1044 1459 1280 1518 ταλάροισι]
1308 1462 1569 1502 καλαθίσκοις

211 1553 260 1578 20
338 1545 436 1588 570.
473 1531 667 1590 <λίνον>]
692 1531 714 1584 ἢ
738 1533 811 1584 τὴν
833 1533 977 1585 κόρδαν
1154 1540 1251 1584 571.
1282 1527 1524 1586 ῥήσσοντες]
1550 1532 1781 1582 κροτοῦντες

339 1614 435 1658 572.
469 1601 614 1660 ἰυγμῷ]
640 1602 817 1657 συριγμῷ
836 1602 927 1640 A:
1105 1600 1201 1653 582.
1235 1597 1307 1656 τώ]
1333 1601 1370 1639 οἱ
1391 1598 1571 1652 λέοντες,

340 1674 437 1726 587.
470 1670 612 1728 νομόν]
638 1670 764 1723 νομήν
927 1669 1025 1723 588.
1058 1667 1172 1725 οἰῶν]
1197 1668 1415 1721 προβάτων

471 1738 720 1796 ἀργεννάων]
745 1743 899 1781 λευκῶν

340 1813 438 1866 596.
472 1808 601 1866 εἵατο]
627 1809 920 1863 ἐνεδέ<δυ>ντο
1099 1804 1326 1863 ἐυννήτους]
1352 1806 1393 1846 εὖ
1416 1804 1681 1855 νενησμένους

216 1895 264 1933 25
473 1876 616 1935 ἐλαίῳ]
643 1879 695 1920 ὡς
872 1878 966 1917 600.
1001 1873 1190 1932 ἄρμενον]
1214 1874 1469 1928 ἡρμοσμένον
1492 1874 1579 1919 Α-ὶ-

343 1949 439 1990 601.
472 1945 726 2003 πειρήσεται]
751 1950 892 2000 πεῖραν
915 1946 1153 1997 ποιούμενος
1177 1944 1382 1996 κινήσειεν

473 2015 634 2073 θέῃσιν]
658 2016 857 2070 γράφεται
881 2020 901 2037 “
918 2014 1088 2071 θέλῃσιν
1104 2014 1126 2028 ”

345 2089 440 2129 602.
475 2083 717 2142 θρέξασκον]
744 2086 787 2128 ἐν
809 2084 938 2140 κύκλῳ
963 2085 1127 2138 ἔτρεχον

1034 2300 1081 2337 Τ.

218 2409 269 2444 30
348 2405 385 2446 3.
419 2388 531 2447 θεοῦ]
556 2393 624 2430 τοῦ
645 2389 883 2442 Ἡφαίστου
1062 2401 1099 2441 9.
1133 2384 1289 2443 πρῶτα]
1314 2387 1386 2436 τὴν
1408 2384 1535 2439 ἀρχήν

351 2474 415 2501 11.
449 2457 572 2516 καλά]
596 2462 640 2499 τὸ
664 2459 786 2500 καλός
805 2457 958 2508 μακρὸν
980 2458 1087 2508 παρὰ
1108 2458 1161 2511 τῷ
1187 2455 1349 2510 “Ομήρῳ

351 2542 417 2571 21.
449 2525 640 2583 ἐπιεικές]
667 2526 818 2579 πρέπον
998 2526 1062 2566 26.
1095 2522 1357 2580 ἀεικίσσωσι]
1383 2525 1617 2576 ἀφανίσωσι

349 2610 418 2651 43.
451 2596 559 2648 οἰήια
580 2593 703 2652 νῆων]
727 2595 775 2635 τά
797 2593 976 2645 πηδάλια
1153 2602 1222 2645 45.
1256 2590 1314 2649 οἵ]
1339 2593 1448 2634 οὗτοι

349 2668 418 2718 46.
451 2662 590 2722 δηρόν]
622 2666 748 2706 καίτοι
771 2681 818 2717 γε
846 2666 949 2715 τρεῖς
979 2662 1136 2715 ἡμέρας·
1171 2664 1280 2703 ἀλλὰ
1311 2662 1373 2703 διὰ
1403 2662 1475 2712 τὴν
1504 2661 1723 2714 δυστυχίαν
1747 2663 1826 2701 τῶν

224 2754 272 2790 35
291 2734 505 2786 Ἑλλήνων
525 2734 643 2775 τοῦτο’
665 2735 794 2784 φησιν

351 2814 419 2857 50.
451 2804 586 2859 πρώτῃ
609 2799 753 2858 ἀγορῇ]
777 2803 823 2857 τῇ
847 2801 1037 2854 προεδρίᾳ
1214 2800 1282 2840 61.
1315 2801 1368 2854 τῷ
1395 2796 1448 2854 κ’]
1475 2797 1538 2838 καὶ
1564 2798 1686 2840 οὕτως

350 2873 417 2913 68.
453 2869 737 2927 <ἀσκελέως>]
762 2869 970 2911 τουτέστιν
993 2867 1266 2919 ἀμεταβάτως·
1299 2870 1342 2909 ἐκ
1363 2869 1594 2919 μεταφορᾶς
1622 2870 1700 2906 τῶν
1732 2882 1824 2906 σκε-

896 2975 907 2995 1
916 2965 946 2996 6.
971 2964 1231 3003 ἀμαλλοδοτῆρες
