1939 3227
614 107 839 145 ΙΛΙΑΔΟΣ
874 107 919 145 K.
952 103 1073 160 (10)
1525 103 1607 143 525

133 233 201 271 44.
236 219 527 275 <κερδαλέης>]
554 221 660 271 παρὰ
690 219 762 270 τὴν
791 219 925 271 κερδώ,
949 219 971 258 ὅ
997 219 1086 259 ἐστι
1112 218 1185 269 τὴν
1210 217 1412 259 ἀλώπεκα·
1447 216 1536 257 ἔστι
1564 216 1607 256 δὲ

76 289 399 343 πανουργότατον
420 290 465 330 τὸ
489 290 588 344 ζῷον
611 291 644 328 A
659 297 693 332 -1-

134 359 204 409 46.
238 356 426 415 ἱεροῖσιν]
450 358 622 409 θύμασιν
797 366 865 407 47.
899 353 1165 412 αὐδήσαντος]
1189 356 1297 398 Τινός

135 436 204 479 50.
233 426 379 483 αὔτως]
402 427 531 478 μάτην
708 434 775 477 54.
806 422 956 480 ῥίμφα]
981 424 1137 478 ταχέως

132 497 200 548 56.
232 495 369 550 τέλος]
390 496 522 549 τάγμα
540 499 625 535 A=
809 502 878 546 57.
911 491 1016 550 τοῖο]
1041 493 1181 534 τούτου
1633 506 1655 544 5

134 565 202 616 58.
236 561 443 620 σημαίνει]
467 562 708 616 προστάττει
883 570 953 616 59.
984 561 1182 616 μάλιστα]
1207 560 1418 614 ἐξαιρέτως

133 632 158 672 6
164 642 204 685 5.
238 632 536 687 ἀβροτάξομεν]
560 632 823 695 ἀποτύχωιξν
839 631 930 671 A=
1114 630 1181 683 67.
1212 628 1256 688 ᾗ]
1282 631 1383 672 ὅπου

238 701 557 757 <ἐγρήγορθαι>]
592 704 640 742 τὰ
667 703 721 743 εἰς
754 704 818 741 θαι
849 699 1029 754 λήγοντα
1054 700 1333 752 ἀπαρέμφατα,
1358 699 1505 753 ἔχοντα
1533 698 1609 751 πρὸ

76 775 145 812 τοῦ
168 763 199 812 θ-
213 771 481 824 ἀμετάβολον,
504 769 807 824 παροξύνονται,
838 769 1026 822 κεκάρθαι
1057 769 1258 822 ἐσπάρθαι
1288 769 1481 810 τετίλθαι·
1514 767 1607 808 ἀλλ’

76 841 138 882 ὅτι
169 842 219 881 τὰ
252 841 568 894 παραληγόμενα
596 840 642 896 τῇ
674 840 721 891 (ἷρ
752 840 946 895 συλλαβῇ
973 837 1146 879 Αἶολικά
1177 840 1300 887 ἐστιν,
1331 838 1383 881 ὣς
1415 838 1608 890 ἔφθορθαι
1639 850 1685 875 10

76 909 282 962 μέμορθαι,
307 909 675 963 προπαροξύνονται
699 912 784 955 Α-ὶ-
1095 904 1356 964 ἐγρήγορθαι]
1382 907 1576 948 Αἷολικόν

237 976 411 1035 ἄνωχθι]
434 979 737 1031 μεταπλασμός·
769 977 900 1030 ἄνωγε
920 977 997 1030 γὰρ
1019 977 1068 1027 ἦν

137 1050 205 1100 69.
236 1049 454 1101 μεγαλίζεο
476 1046 605 1103 θυμῷ]
629 1048 794 1099 ἐπαίρου
816 1048 861 1101 τῇ
885 1048 1041 1101 διανοίᾳ
1064 1050 1148 1092 A÷

138 1130 204 1169 71.
236 1114 307 1174 ἵει]
332 1117 491 1169 ἔπεμψε
514 1119 599 1156 A=
785 1116 852 1165 84.
882 1112 1053 1169 οὐρήων]
1078 1119 1157 1155 τῶν
1184 1114 1378 1166 φυλάκων
1401 1118 1485 1153 A:

138 1199 204 1238 94.
237 1185 533 1238 ἀλαλύκτημαι]
554 1184 828 1238 τεθορύβημαι
1641 1196 1686 1234 15

137 1254 204 1307 96.
236 1252 428 1310 δραίνεις]
454 1256 638 1302 ἐπινοεῖς,
661 1256 805 1307 δρᾶσαι
828 1253 994 1295 δύνασαι
1021 1257 1105 1294 A:

140 1336 233 1365 100.
266 1321 435 1380 σχεδόν]
459 1323 577 1376 ἐγγύς
598 1326 683 1363 A=

141 1394 233 1433 106.
267 1392 404 1444 κήδεσι
426 1390 670 1448 μοχθήσειν]
697 1395 831 1435 κακοῖς
853 1391 1225 1444 ε’νταλαιπωρήσειν

141 1476 158 1503 1
171 1476 234 1503 10.
255 1461 399 1518 ταχύν]
416 1463 485 1504 τὸν
501 1466 569 1503 τοῦ
584 1461 756 1504 Ὀιλέως
816 1460 1137 1518 Φυλέος-υἱόν]
1154 1461 1241 1513 ἤτοι
1255 1461 1324 1502 τὸν
1336 1459 1607 1514 ΜέγηταΑτ-

143 1544 235 1585 113.
258 1531 463 1573 ἑκαστάτω
487 1531 575 1572 οὐδὲ
597 1531 689 1583 μάλ’
714 1528 852 1587 ἐγγύς]
878 1528 1158 1584 ἑρμηνευτικόν
1639 1544 1688 1569 20

142 1611 236 1653 127.
268 1598 353 1656 ἵνα]
378 1600 464 1641 ἀντὶ
485 1604 554 1640 τοῦ
576 1601 660 1641 ἐκεῖ
677 1600 768 1639 A:

142 1682 234 1724 133.
266 1665 539 1725 περονήσατο]
563 1668 651 1719 ἤτοι
673 1669 807 1725 πόρπῃ
831 1668 1063 1720 συνέλαβεν

269 1735 582 1794 φοινικόεσσαν]
607 1738 758 1790 πυρρὰν
780 1738 833 1792 τῷ
857 1738 1037 1792 χρώματι
1055 1738 1144 1777 A—

144 1821 236 1863 134.
270 1806 390 1864 οὔλη]
414 1807 590 1861 τρυφερά
611 1822 689 1848 reo.
868 1820 960 1858 142.
995 1805 1245 1864 ἀμβροσίην]
1269 1810 1460 1861 γλυκεῖαν

145 1889 236 1933 153.
270 1877 540 1930 σαυρωτῆρος]
567 1881 635 1918 τοῦ
658 1877 840 1930 κρόσφου
1640 1895 1687 1930 25

274 1946 538 2000 <σαυρωτὴρ>
565 1946 608 1986 τὸ
635 1946 899 2000 σιδηρο<ῦ>ν,
918 1947 1019 1987 ὅπου
1041 1945 1237 1998 πήγνυται
1259 1945 1305 1986 τὸ
1327 1947 1431 1999 δόρυ,
1446 1948 1553 1999 παρὰ
1570 1947 1615 1988 τὸ

83 2018 352 2068 σταυροῦσθαι
376 2015 439 2055 καὶ
462 2015 679 2067 ὀρθοῦσθαι
702 2014 762 2056 ἐπ’
787 2015 905 2055 αὐτοῦ
926 2019 971 2054 τὸ
993 2015 1098 2067 δόρυ,
1122 2013 1352 2068 σταυρωτήρ
1374 2031 1434 2058 τις
1456 2015 1510 2057 ὥν
1528 2019 1561 2055 Α
1579 2037 1603 2048 «-

143 2095 237 2139 159.
270 2082 429 2140 ἀωτεῖς]
455 2085 665 2139 ἀπανθίζῃ·
699 2084 824 2126 ἄωτος
845 2085 921 2137 γὰρ
946 2084 991 2124 τὸ
1015 2083 1248 2134 ἀπάνθισμα
1270 2087 1353 2128 A÷

144 2155 237 2195 160.
273 2150 526 2210 <θρωσμῷ>]
552 2155 672 2196 τόπος
694 2155 807 2196 ἐστὶν
827 2153 986 2207 ὑψηλὸς
1008 2155 1050 2194 ἐν
1067 2157 1120 2208 τῷ
1143 2154 1266 2208 πεδίῳ
1289 2153 1365 2206 πρὸ
1386 2156 1456 2204 τῆς
1476 2153 1617 2201 Ἰλίου,

83 2223 125 2266 ὃς
156 2224 429 2275 ὀνομαστικῶς
461 2227 642 2264 καλεῖται
675 2223 871 2275 θρωσμός,
903 2223 953 2265 ὡς
987 2221 1050 2263 καὶ
1081 2222 1214 2274 ἕτερος
1246 2223 1553 2274 Καλλικολώνη,
1587 2221 1618 2278 ᾧ
1639 2239 1688 2275 30

83 2292 339 2348 στρατοπέδῳ
358 2294 533 2346 ἐχρῶντο
550 2294 587 2333 οἱ
609 2295 755 2345 Τρῶες,
773 2295 810 2334 εἴ
824 2309 922 2333 ποτε
940 2294 1010 2343 τῆς
1027 2292 1186 2334 πόλεως
1203 2290 1278 2342 ἔξω
1297 2290 1557 2333 τάσσοιντοΑ
1569 2311 1609 2327 =

144 2372 238 2415 173.
272 2362 337 2402 ἐπὶ
359 2359 684 2417 ξυροῦ-ἀκμῆς]
709 2361 794 2411 ἤτοι
819 2360 884 2402 ἐπὶ
907 2360 1096 2412 ὀξύτητος
1123 2361 1303 2402 κινδύνου
1332 2364 1415 2406 A÷

144 2429 238 2470 188.
270 2430 391 2470 νύκτα
423 2429 776 2481 φυλασσομένοισι
813 2429 955 2483 κακήν]
994 2430 1117 2482 κακὴν
1148 2429 1336 2481 φυλακὴν
1367 2431 1466 2471 κατὰ
1498 2429 1619 2471 νύκτα

84 2498 294 2552 διάγουσιν

148 2567 240 2620 189.
273 2565 479 2622 τέτραφθ’]
505 2566 761 2619 τετραμμένοι
783 2567 900 2619 ἦσαν,
923 2567 1158 2619 ἀπέβλεπον
1182 2571 1263 2612 Α-ί-
1638 2585 1686 2620 35

147 2636 239 2689 198.
273 2636 530 2683 ἐκδιαβάντες
552 2633 738 2692 ὀρυκτήν]
761 2636 960 2690 γράφεται
983 2642 1005 2659 “
1021 2636 1063 2678 εὖ
1084 2635 1300 2687 διαβάντες
1323 2635 1490 2688 ὀρυκτήν
1506 2635 1527 2649 ”

146 2716 241 2744 200.
275 2703 532 2757 ἀπετράπετ’]
555 2704 798 2756 ἀπετρέπετο

146 2774 240 2816 206.
273 2770 552 2829 ἐσχατόωντα]
579 2773 754 2827 ἔσχατον
775 2776 1096 2825 ὑπολειπόμενον

132 2900 158 2923 1.
183 2890 281 2931 κερδὼ
305 2891 359 2922 Α;
383 2891 520 2930 κερδῷον
549 2895 561 2929 Η
590 2900 639 2921 10.
665 2891 801 2922 Αἱολικὰ
825 2893 951 2933 scripsi,
977 2893 1016 2923 ef.
1047 2893 1095 2923 A:
1122 2890 1217 2931 ὀλίγα
1241 2892 1306 2932 legi
1342 2896 1353 2930 [Ι
1387 2901 1434 2932 14.
1459 2892 1502 2923 ad
1526 2903 1556 2922 v.
1574 2894 1616 2923 80

84 2934 243 2975 κεφαλήν]
272 2934 323 2964 καί
350 2935 628 2975 superscriptum:
661 2935 756 2966 omisi
790 2939 802 2973 Η
839 2945 888 2966 20.
913 2935 1163 2975 φερμηνευτικύν
1196 2939 1209 2972 ΙΙ
1244 2943 1295 2973 33.
1321 2935 1402 2965 κατὰ
1433 2936 1495 2967 W:
1521 2935 1573 2966 καὶ
1599 2940 1612 2974 Η

88 2987 139 3018 34.
164 2977 358 3018 διαγάγωσιν
383 2982 395 3015 Η
423 2985 473 3017 37.
499 2977 691 3017 ἀνετρέπετο
707 2979 849 3009 alterum
