1939 3227
618 102 843 140 ΙΑΙΑΔΟΣ
875 102 926 139 N.
958 97 1072 154 (13)
1528 98 1611 138 535

111 203 231 269 '319.
264 213 338 272 μή]
364 215 457 269 οὐχί
631 225 730 268 322.
763 210 864 269 ἔδοι]
889 213 1020 254 ἐσθίοι

134 295 232 338 323.
263 282 423 340 ῥηκτός]
447 281 688 335 τετρωμένος

134 361 231 406 325.
265 351 427 409 ἐρίζειν]
456 356 554 405 πρὸς
575 351 644 392 τὸν
664 349 879 403 Ἀχιλλέα·
911 350 1093 400 ποδώκης
1113 351 1189 403 γὰρ
1213 349 1326 392 οὗτος

134 421 233 474 326.
266 419 380 478 νῶιν]
404 421 498 473 ἡμῖν
675 431 772 474 330.
804 418 843 459 οἳ
866 415 928 474 δέ]
955 419 992 458 οἱ
1014 421 1149 471 Τρῶες

135 501 232 543 334.
263 487 432 546 λιγέων]
457 487 580 540 ὀξέων
755 484 1010 543 σπέρχωσιν]
1037 487 1305 540 διεγείρωνται
1634 499 1657 538 5

134 559 231 612 336.
264 558 402 609 ἄμυδις
425 554 578 614 κονίης]
603 557 700 608 ὁμοῦ
720 556 819 608 μετὰ
841 557 908 605 τῆς
931 556 1067 607 κονίης

135 635 233 680 337.
266 627 410 680 ὁμόσε]
434 628 490 668 εἷς
511 630 580 666 τὸν
602 625 721 665 αὐτὸν
746 625 928 679 (τόπον)

136 702 232 749 353.
265 691 553 750 δαμναμένους]
577 694 667 737 τοὺς
688 694 882 748 Ἀχαιούς

135 762 233 817 356.
267 761 468 820 ἀλέεινεν]
495 764 516 803 ὁ
538 766 751 805 Ποσειδῶν

136 840 233 886 359.
267 829 428 888 πεῖραρ]
453 831 568 874 τέλος
744 830 1067 884 ἐπαλλάξαντες]
1091 829 1379 882 ἐπιπλέξαντες
1641 846 1688 871 10

135 913 232 954 390.
265 898 453 957 βλωθρή]
477 900 619 953 μακρά,
642 900 749 953 παρὰ
771 904 816 941 τὸ
838 900 1059 952 βλῶσκειν,
1082 900 1105 940 ὅ
1126 901 1239 942 ἐστιν
1261 900 1488 952 ἐπιβαίνειν

134 982 232 1023 391.
266 967 397 1026 νήιον]
422 968 729 1022 ναυπηγήσιμον

135 1048 234 1089 407.
269 1036 570 1094 κανόνε<σ>σι]
594 1038 762 1091 ῥάβδοις

134 1119 235 1160 409.
269 1106 520 1160 καρφαλέον]
544 1106 676 1159 κάρφη
699 1108 747 1146 τὰ
769 1105 866 1159 ξηρά

267 1169 569 1229 ἐπιθρέξαντος]
594 1172 897 1224 ἐπιψαύσαντος
1644 1190 1657 1214 x
1668 1191 1689 1225 5

136 1252 239 1295 429.
270 1240 576 1295 Ἱπποδάμειαν]
600 1241 784 1293 ἀδελφὴν
804 1245 873 1282 τοῦ
896 1243 1055 1283 Αἰνείου

136 1322 239 1361 440.
271 1308 402 1367 ἤρκει]
427 1311 658 1362 ἀπεδίωκεν,
682 1311 873 1366 ἀπῇργεν,
898 1311 1075 1352 ἐκώλυεν

137 1392 237 1429 441.
270 1377 384 1435 αὖον]
411 1378 532 1432 ξηρόν
548 1379 636 1424 Aff-

135 1460 235 1502 443.
269 1446 477 1504 οὐρίαχον]
501 1452 571 1490 τὸν
588 1449 821 1501 σαυρωτῆρα
838 1448 967 1502 τὸ<ν>
990 1449 1033 1489 ἐν
1047 1449 1100 1503 τῷ
1116 1446 1225 1489 τέλει
1241 1450 1310 1487 τοῦ
1326 1447 1511 1489 ἀκοντίου
1525 1445 1565 1486 Α
1578 1456 1612 1490 -i-

271 1513 508 1573 πελέμιξεν]
533 1516 620 1567 ἤτοι
644 1516 847 1558 διέσεισεν
1644 1536 1693 1561 20

139 1585 238 1635 446.
270 1586 405 1628 οὕτως·
447 1586 523 1638 ἆρα
552 1587 744 1636 δοκοῦμεν
775 1584 882 1636 ἄξιοι
917 1584 1113 1638 ὑπάρχειν
1143 1587 1370 1638 καυχᾶσθαι
1401 1587 1505 1637 τρεῖς
1536 1583 1621 1626 ἀνθ’

82 1649 173 1693 ἑνὸς
197 1651 499 1704 πεφονευκέναι,
522 1652 685 1703 ἐπείπερ
709 1651 759 1692 σὺ
782 1654 983 1705 καυχᾶσαι
1003 1651 1182 1701 ματαίως
1200 1667 1213 1699 ‚·
1231 1650 1322 1690 A:
1348 1650 1383 1690 B
1401 1662 1432 1696 -f-

139 1720 238 1771 464.
269 1718 460 1776 γαμβρῷ]
484 1737 535 1774 ῳ
557 1719 770 1775 Ἀλκαθόῳ

140 1798 242 1843 473.
277 1786 537 1845 <οἰοπόλῳ>]
570 1790 760 1840 δηλονότι
784 1789 833 1843 τῷ
857 1787 1000 1844 ἐρήμῳ,
1025 1788 1121 1829 ἔνθα
1142 1805 1200 1831 τις
1223 1788 1316 1838 οἶος,
1339 1789 1361 1829 ὅ
1384 1789 1470 1829 ἐστι
1492 1788 1623 1839 μόνος,

85 1861 289 1899 πολεῖται·
321 1856 346 1909 ἢ
370 1859 412 1899 ἐν
435 1856 464 1914 ᾦ
486 1861 686 1899 πολοῦσιν
707 1858 788 1900 οἶες
810 1857 899 1898 Α-
1646 1880 1694 1917 25

141 1927 243 1979 488.
276 1925 464 1983 πλησίοι]
490 1929 527 1968 οἱ
550 1928 719 1968 παλαιοὶ
741 1928 761 1966 ὁ
784 1927 961 1979 πλησίος
983 1930 1051 1967 τοῦ
1074 1927 1250 1977 πλησίου

142 2007 243 2050 492.
279 1994 437 2052 κτίλον]
464 1996 532 2037 τὸν
556 1997 666 2048 κριόν

144 2078 241 2119 493.
275 2066 317 2105 ἐκ
340 2062 535 2121 βοτάνης]
558 2064 658 2116 μετά
679 2064 765 2109 A÷

143 2142 242 2187 495.
280 2133 418 2187 <ἑοῖ>]
435 2135 570 2185 ὥσπερ
592 2132 766 2186 λέγομεν
781 2134 892 2185 ὥρων
911 2134 998 2175 ἀντὶ
1012 2137 1080 2173 τοῦ
1098 2133 1277 2185 ἔβλεπον
1293 2134 1358 2174 καὶ
1380 2134 1625 2187 πλεονασμῷ

85 2205 153 2244 τοῦ
175 2209 193 2244 ἓ
218 2203 361 2255 ἑώρων,
386 2203 486 2243 οὕτω
510 2201 573 2243 καὶ
595 2203 635 2243 οἶ
656 2201 741 2243 ἀντὶ
767 2205 836 2242 τοῦ
858 2203 960 2258 αὐτῷ
985 2203 1049 2243 καὶ
1072 2203 1320 2257 πλεονασμῷ
1338 2205 1407 2243 τοῦ
1429 2209 1447 2242 ἓ
1473 2207 1496 2224 “
1513 2204 1572 2243 ἑοῖ
1583 2201 1605 2216 ”
1646 2227 1696 2265 30

144 2280 243 2326 507.
275 2269 449 2327 γύαλον]
474 2270 561 2322 ἤτοι
583 2270 627 2311 τὸ
655 2274 793 2312 κοῖλον

144 2340 242 2393 508.
276 2337 458 2397 ἀγοστῷ]
483 2339 589 2392 παρὰ
611 2339 655 2380 τὸ
678 2340 780 2393 ἄγαν
803 2340 981 2391 ὀστώδης
1004 2340 1104 2382 εἶναι

144 2417 240 2461 515.
275 2407 460 2465 τρέσσαι]
486 2412 630 2461 φυγεῖν
650 2410 750 2459 μετὰ
772 2408 880 2451 δέους

147 2486 246 2531 519,
271 2490 337 2519 20.
369 2476 417 2518 δι’
442 2475 752 2533 ὤμου-ἔσχεν]
778 2480 943 2528 διῆλθεν

147 2555 245 2598 521.
278 2543 495 2602 βριήπυος]
519 2547 623 2598 μεγᾶ
645 2546 708 2586 καὶ
729 2546 835 2598 βαρὺ
856 2551 968 2598 βοῶν
1648 2571 1696 2610 35

148 2624 244 2667 524.
278 2611 487 2670 ἐελμένος]
513 2614 874 2667 συγκεκλεισμένος

147 2693 244 2737 533.
276 2686 345 2724 τὸν
367 2680 426 2738 δέ]
450 2683 519 2724 τὸν
542 2683 761 2735 Δηίφοβον

148 2760 246 2807 539.
280 2749 511 2807 νεουτάτου]
537 2752 753 2804 νεοτρώτου

138 2878 164 2900 1.
188 2867 283 2899 ἐσθίει
318 2872 330 2907 ΙΙ
372 2878 402 2909 5.
425 2867 618 2908 διεγείροντο
660 2873 671 2907 ΙΙ
715 2877 743 2911 7.
769 2871 919 2912 supplevi
936 2882 975 2902 ex
994 2871 1024 2901 D
1070 2875 1082 2909 ΙΙ
1134 2870 1180 2901 16.
1207 2869 1336 2901 Αἰνείου
1352 2871 1417 2903 W:
1443 2870 1576 2903 Αἴαντος
1610 2876 1623 2911 ΙΙ

91 2912 306 2997 Ῐιξὲνὲῧῗργεν
332 2916 344 2950 Η
375 2921 423 2955 19.
444 2913 629 2953 σαυρωτῆρα
646 2914 819 2954 incertum,
837 2915 951 2956 scripsi
969 2926 1007 2946 ex
1024 2915 1055 2945 D
1081 2918 1093 2952 Η
1124 2924 1170 2945 20.
1196 2913 1366 2955 πελέμιξεν
1382 2926 1445 2948 sec.
1462 2915 1497 2947 in
1513 2920 1625 2948 texssu:
