1939 3227
660 103 888 141 ΙΛιΑΔοΣ
922 104 963 140 Γ.
996 99 1081 155 (3)
1554 100 1639 139 503

166 227 260 270 197.
292 212 605 271 πηγεσιμάλλῳ]
630 214 817 267 εὐπαγεῖς
837 213 1020 266 μαλλοὺς
1042 213 1177 268 ἔχοντι

166 295 262 337 205.
300 284 400 338 (ἤδη
437 281 564 340 γάρ>]
600 287 676 336 πρὸ
712 283 789 335 γὰρ
825 287 894 323 τοῦ
929 286 1171 334 στρατεῦσαι
1207 282 1298 325 τοὺς
1333 281 1542 333 ’Έλληνας
1584 283 1641 324 εἷς

103 354 256 405 Τροίαν
286 353 413 404 ἦλθον
443 353 640 404 πρέσβεις
670 352 896 394 Ὀδυσσεὺς
933 353 997 392 καὶ
1032 351 1255 394 Μενέλαος“
1273 350 1537 393 ἀπαιτοῦντες
1568 351 1642 402 τὴν

104 421 290 473 Ἑλένην·
324 423 367 462 ἐν
399 420 428 476 ᾧ
465 425 543 463 τῶν
575 422 714 463 ἄλλων
754 420 894 463 αὐτοὺς
934 419 1022 472 μεθ’
1058 421 1213 473 ὕβρεως
1254 419 1481 471 διωξάντων
1519 420 1642 471 μόνος

104 489 308 542 Ἀντήνωρ
331 489 474 541 ξενίζει
497 491 760 543 φιλοφρόνως
1663 496 1685 534 5

166 566 262 609 215.
293 559 402 611 γένει
419 557 605 616 ὕστερος]
634 560 707 611 τὴν
727 559 891 610 ἡλικίαν
912 559 1101 610 νεώτερος

166 636 261 680 217.
294 626 490 684 στάσκεν]
515 630 657 669 ἵστατο

293 697 391 737 ὑπαὶ
419 698 461 738 δὲ
483 695 638 754 ἴδεσκε]
663 696 899 749 ὑπέβλεπεν

167 766 261 806 218.
297 765 552 816 σημειωτέον,
571 767 631 807 ὅτι
657 767 825 809 ἕκαστος
846 770 924 808 τῶν
944 765 1152 818 ἡγεμόνων
1174 767 1377 818 σκῆπτρον
1399 765 1508 819 εἶχεν
1529 765 1643 814 ἴδιον,

108 833 174 875 καὶ
193 833 414 886 Ἀχιλλεὺς
436 837 479 877 ἐν
500 837 553 889 τῷ
578 839 611 875 Α
634 833 755 891 (234)
779 837 923 887 ὄμνυσι
946 833 1030 875 κατ’
1053 835 1149 875 αὐτό
1169 834 1259 874 A:
1668 843 1716 870 10

295 902 539 961 προπρηνές]
565 906 620 947 εἰς
642 904 687 945 τὸ
710 904 938 956 ἔμπροσθεν

168 984 264 1013 220.
299 971 483 1029 ζάκοτον]
507 972 609 1014 πάνυ
632 974 797 1026 ὀργίλον

167 1052 265 1090 242.
299 1041 323 1081 ἅ
347 1059 414 1092 μοι
437 1042 568 1094 ἐστίν]
591 1042 615 1082 ἃ
637 1045 686 1082 δι’
711 1043 778 1092 ἐμὲ
800 1041 932 1083 αὐτοῖς
956 1042 1068 1082 ἐστιν

169 1109 264 1160 246.
297 1107 492 1166 ἐύφρονα]
517 1110 587 1151 τὸν
609 1110 875 1162 εὐφραίνοντα

170 1186 266 1230 250.
298 1176 642 1234 Λαομεδοντιάδη]
677 1178 954 1231 Λαομέδοντος
976 1182 1049 1220 παῖ
1072 1182 1264 1231 Πρίαμος,
1287 1179 1434 1232 μητρὸς
1455 1180 1498 1221 δὲ
1521 1178 1645 1230 Ζευξ-
1671 1186 1717 1225 15

111 1247 236 1298 ίππης
258 1261 335 1288 reo.
358 1248 398 1287 A
412 1258 446 1293 4-

172 1317 267 1358 262.
295 1315 352 1374 οἶ]
378 1317 480 1372 αὐτῷ
657 1316 924 1374 περικαλλέα]
949 1320 1006 1360 εἷς

172 1386 268 1440 263.
300 1387 353 1427 τὼ
377 1385 436 1443 6⁶]
461 1387 569 1427 οὗτοι
592 1386 635 1427 δέ
811 1385 988 1443 Σκαιῶν]
1016 1391 1155 1429 πυλῶν

175 1455 270 1507 269.
304 1454 432 1512 οἶνον]
457 1460 525 1497 τὸν
551 1455 651 1510 <ἐξ>
679 1456 916 1508 ἀμφοτέρων
937 1461 1016 1497 τῶν
1037 1461 1168 1508 μερῶν
1191 1456 1481 1510 κεκερασμένου

174 1535 270 1577 272.
302 1524 555 1578 ἄπεκρέματο
576 1525 732 1581 ᾐώρητο
757 1526 858 1579 <τὸ>
885 1524 1080 1578 ηἄωρτο”
1673 1533 1722 1557 20

174 1604 270 1648 273.
302 1594 450 1645 τάμνεν
481 1592 641 1651 τρίχας]
675 1599 754 1635 τῶν
787 1596 916 1647 ἀρνῶν
947 1595 1037 1638 τοὺς
1070 1596 1310 1648 κορυφαίους
1337 1595 1519 1648 μαλλοὺς
1549 1595 1650 1637 ἁπέ-

113 1680 255 1714 τεμνεν

176 1732 270 1785 278.
304 1730 519 1788 καμόντας]
545 1731 634 1775 τοὺς
656 1732 974 1784 τελευτήσαντας

175 1813 272 1856 292.
306 1799 556 1858 στομάχους]
586 1801 794 1856 φάρυγγας
815 1803 995 1855 λαιμούς,
1019 1803 1106 1844 ἐπεὶ
1130 1802 1382 1854 συνέζευκται
1405 1806 1426 1845 ὁ
1449 1805 1654 1859 στόμαχος

116 1872 168 1926 τῷ
185 1871 315 1924 λαιμῷ
1676 1878 1723 1917 25

305 1937 435 1996 νηλέι]
457 1938 605 1990 α’νηλεῖ
837 1952 936 1994 300.
970 1938 1065 1998 σφ’]
1091 1941 1217 1983 αὐτῶν
1240 1941 1275 1982 Β
1290 1952 1325 1986 -Ι-

177 2021 275 2063 301.
308 2007 472 2065 ἄλοχοι]
498 2009 626 2050 αὐτῶν
648 2010 1041 2062 αἰχμαλωτισθεῖσαι
1220 2009 1403 2068 δαμεῖεν]
1429 2011 1653 2065 “buyda’'

177 2088 274 2133 325.
308 2075 481 2134 Πάριος]
508 2076 704 2120 Ἰωνικῶς·
736 2078 850 2129 ἡμεῖς
872 2080 914 2119 δὲ
937 2078 1113 2132 Πάριδος

176 2160 274 2202 331.
308 2144 583 2203 ἐπισφυρίοις]
609 2150 691 2189 τοῖς
713 2151 791 2188 τῶν
814 2151 981 2200 σφυρῶν
1002 2148 1259 2200 καλύμμασιν

176 2229 274 2271 333.
307 2213 387 2272 οἷο]
414 2218 532 2256 αὑτοῦ
1676 2231 1726 2267 30

177 2295 274 2340 335.
307 2283 450 2342 σάκος]
477 2286 538 2327 ὅτι
567 2287 673 2338 παρὰ
703 2286 874 2339 πρώτοις
897 2285 1046 2329 Σάκαις
1072 2288 1244 2339 εὕρηται·
1277 2287 1404 2329 Σάκαι
1427 2289 1514 2329 ἐστὶ
1534 2287 1655 2341 μέρος

119 2355 283 2410 Θρᾴκης

179 2436 278 2479 337.
311 2421 520 2480 ἵππουριν]
550 2423 595 2475 ἐξ
623 2424 792 2466 ἱππείων
817 2429 965 2479 τριχῶν
995 2428 1064 2468 τὸν
1086 2426 1220 2478 λόφον
1242 2426 1420 2480 ἔχουσιν.
1461 2427 1592 2479 λόφος
1614 2426 1656 2468 δέ

121 2495 210 2534 ἐστι
231 2497 275 2533 τὸ
297 2495 366 2543 τῆς
388 2493 705 2545 περικεφαλαίας
726 2492 938 2544 α’νάστημα

180 2573 277 2615 347.
310 2559 480 2602 παντόσ’
504 2559 639 2617 ἐίσην]
665 2564 878 2615 κυκλοτερῆ
1055 2571 1152 2618 351.
1186 2564 1208 2604 ὅ
1228 2561 1296 2620 με]
1322 2565 1364 2607 ὅς
1385 2582 1434 2617 με
1679 2577 1728 2617 35

181 2639 277 2686 354.
311 2631 332 2670 ὅ
355 2627 440 2686 κεν]
461 2631 503 2672 ὅς
527 2648 593 2671 κεν
768 2640 864 2685 359.
896 2630 1101 2690 λαπάρην]
1125 2634 1281 2686 λαγόνα

182 2701 277 2753 360.
312 2697 495 2755 ἐκλίνθη]
521 2698 699 2741 ἐνέκλινε
724 2700 767 2740 τὸ
789 2701 962 2754 πλευρόν

182 2771 278 2823 362.
312 2766 607 2824 ἀνασχόμενος]
629 2768 838 2812 α’νατείνας

313 2837 480 2889 ίφάλον’
500 2837 545 2878 τὸ
564 2839 882 2888 προμετωπίδιον
896 2838 1109 2891 ἀνάστημα
1127 2842 1196 2889 τῆς
1215 2841 1545 2892 περικεφαλαίας·
1570 2841 1658 2882 ἔστι

168 2951 197 2981 4.
223 2940 256 2971 ἐν
272 2937 300 2981 ᾦ
317 2940 444 2981 scripsi,
463 2938 515 2970 οὓς
533 2940 584 2971 D:
609 2939 642 2970 ἐν
659 2939 703 2971 οἷς
744 2943 756 2978 ΙΙ
800 2950 848 2972 12.
873 2941 914 2972 ad
935 2943 994 2981 238
1012 2941 1057 2972 τὼ
1072 2941 1142 2982 μοι]
1162 2940 1233 2972 νέας
1248 2940 1334 2973 τινάς
1350 2942 1510 2984 scriptum
1546 2945 1559 2982 ΙΙ
1607 2954 1657 2986 ²4·

123 2983 256 3023 λαιμοὺς
274 2985 304 3015 D
321 2995 327 3016 :
354 2983 386 3013 -ἀ
405 2987 416 3020 11
438 2982 639 3022 συνέζευκται
658 2985 689 3014 Ι)
706 2995 712 3015 :
739 2996 768 3014 -ο
787 2988 798 3021 11
819 2994 868 3024 3¹-
887 2984 1012 3025 εὕρηται
1033 2986 1084 3017 D:
1105 2984 1226 3024 εἴρηται
