1939 3227
291 117 374 157 530
823 117 1049 156 ιΛιΑΔοΣ
1081 118 1130 158 Λ.
1161 115 1283 172 (11)

480 225 747 285 ῥαθάμιγγες]
773 230 813 269 αἱ
833 229 992 282 ῥανίδες
1012 230 1103 269 A=

351 309 448 353 539.
479 298 647 349 μίνυνθα
669 299 712 338 δὲ
727 296 873 351 χάζετο
891 295 1048 355 δουρός]
1068 299 1157 340 οὐδὲ
1173 299 1315 352 ὀλίγον
1331 299 1374 340 δὲ
1387 298 1587 351 ὑπεχώρει
1608 298 1661 353 τῷ
1685 297 1822 350 δόρατι

350 377 448 420 540.
481 364 751 423 ἐπεπωλεῖτο]
783 368 883 408 οὕτω
910 367 1110 421 γράφεται
1139 370 1246 421 παρὰ
1271 369 1325 423 τῷ
1353 369 1509 424 ποιητῇ
1538 368 1692 421 γίνεται
1714 367 1756 407 δὲ
1779 367 1822 406 ἐκ

294 440 362 477 τοῦ
384 436 494 477 πέλω
517 439 654 483 πωλῶ,
679 436 730 478 ὡς
753 435 914 489 στρέφω
938 441 1110 489 στρωφῶ

252 517 273 554 5
352 513 449 557 541.
481 502 780 561 χερμαδίοισιν]
805 505 900 551 νόει,
925 505 985 545 ὅτι
1009 505 1095 558 εἶχε
1117 504 1250 547 ἐπάνω
1272 509 1340 546 τοῦ
1364 504 1537 558 ἅρματος
1559 505 1698 545 λίθους

352 574 448 626 548.
479 571 815 629 με<σ>σαύλοιο]
839 576 907 625 τῆς
929 574 1134 617 ἐπαύλεως

354 652 450 696 552.
483 640 682 699 πρήσσει]
705 642 958 696 πράσ<σ>ει,
983 643 1092 684 ἀνύει
1113 643 1207 682 Α-«

482 711 643 765 θαμέες]
663 712 714 754 ὥς
735 711 827 762 ὀξὺς
849 710 974 762 ὀξέος,
998 713 1099 753 οὕτω
1122 713 1186 754 καὶ
1209 712 1332 764 θαμὺς
1353 711 1499 764 θαμέος·

352 789 449 834 555.
481 778 627 837 ἠῶθεν]
653 780 787 832 ἕωθεν,
811 782 952 834 ὄρθρου
973 781 1067 820 Α*-

228 867 275 892 10
482 850 560 890 ἀπὸ
583 851 733 903 νόσφιν
756 847 855 906 ἔβη]
877 849 965 901 ἤτοι
987 851 1190 904 ἐχωρίσθη
1213 850 1304 890 A:
1479 844 1672 904 τετιηότι]
1700 851 1823 886 λελυ-

294 917 453 974 πημένῳ
475 918 566 958 A:

353 996 450 1041 559.
483 985 633 1044 νωθής]
656 989 776 1041 ἀργός
797 988 886 1035 A-f-
1071 988 1168 1040 561.
1201 985 1296 1044 βίη]
1322 987 1439 1041 ἰσχύς

476 1054 617 1112 νηπίη]
643 1056 817 1108 ἀσθενής
934 1055 1032 1110 568.
1066 1054 1344 1113 τρωπάσκετο]
1369 1055 1556 1109 ἐτρέπετο
1577 1055 1668 1094 A=

354 1126 450 1177 588.
484 1123 785 1182 ἐλελιχθέντες]
811 1125 1127 1179 ἐπιστραφέντες
1148 1126 1239 1165 A:

230 1214 275 1251 15
484 1196 625 1246 νηλεὲς
646 1192 769 1251 ἦμαρ]
794 1194 866 1246 τὴν
889 1196 1038 1246 ἀνηλεῆ
1060 1194 1208 1247 ἡμέραν

353 1271 450 1315 594.
483 1261 636 1319 ἀντίος]
661 1263 759 1304 κατὰ
781 1264 1001 1315 πρόσωπον

354 1333 451 1372 601.
485 1330 939 1388 ἷῶκα-δακρυόεσσαν]
962 1332 1035 1384 τὴν
1057 1331 1193 1383 δίωξιν
1215 1332 1287 1383 τὴν
1310 1332 1441 1372 αἴτίαν
1462 1331 1640 1384 δακρύων
1660 1330 1749 1374 Α-Ι-

355 1400 451 1440 621.
484 1398 766 1458 ἀπεψύχοντο]
791 1400 1001 1453 ἐξήραινον
1179 1402 1274 1455 630.
1306 1397 1503 1456 χάλκεον]
1529 1403 1552 1423 “
1568 1399 1760 1454 χάλκειον
1775 1398 1795 1414 ”

485 1470 592 1524 ποτῷ
626 1466 752 1526 ὄψον]
777 1469 865 1520 ἤτοι
887 1469 1052 1512 ποτικὸν
1075 1471 1194 1522 ὄψον,
1223 1469 1245 1508 ὅ
1277 1470 1364 1510 ἐστι
1396 1468 1654 1522 προσφάγιον
1682 1469 1828 1521 δίψους

229 1553 277 1578 20
297 1538 674 1591 παρασκευαστικόν
695 1537 785 1577 Α-

356 1606 452 1661 631.
485 1604 681 1663 ἀλφίτου]
705 1606 793 1658 ἤτοι
816 1607 935 1659 ἄρτου
952 1607 1043 1647 A=
1227 1606 1324 1661 639.
1357 1604 1447 1660 κνῆ]
1471 1606 1597 1659 ἔκοψε
1615 1605 1706 1646 A:

355 1676 452 1725 640.
488 1672 647 1731 κνήστι]
672 1675 718 1730 τῇ
741 1676 920 1730 μαχαίρᾳ
1095 1674 1192 1725 642.
1226 1672 1399 1731 ἀφέτην]
1423 1674 1511 1726 ἤτοι
1534 1675 1696 1727 ἀφῆκαν

356 1744 453 1797 647.
486 1741 696 1800 ἑτέρωθεν]
722 1745 764 1784 ἐκ
786 1747 854 1784 τοῦ
878 1743 1014 1796 ἑτέρου
1031 1743 1173 1796 μέρους
1349 1745 1445 1797 649.
1479 1741 1520 1800 ὅ]
1545 1744 1657 1786 ὅστις

357 1812 455 1866 669.
486 1809 753 1868 γναμπτοῖσι]
776 1815 858 1854 τοῖς
880 1811 1171 1863 καμπτομένοις

230 1904 277 1940 25
357 1882 453 1934 673.
486 1880 685 1934 γράφεται
716 1880 928 1922 “”Ηλιδι”
963 1881 1028 1922 καὶ
1059 1883 1202 1922 δασεῖα
1235 1880 1298 1922 καὶ
1328 1880 1446 1933 ψιλή·
1480 1880 1543 1921 καὶ
1575 1882 1609 1922 εἷ
1638 1880 1714 1931 μέν
1742 1882 1829 1922 ἐστι

298 1954 454 1997 δασεῖα,
486 1951 638 2004 γίνεται
672 1950 750 1991 ἀπὸ
781 1953 850 1990 τοῦ
881 1950 1004 2000 ἃλίζω
1036 1953 1080 1990 τὸ
1113 1950 1370 2002 συναθροίζω·
1403 1950 1614 1991 ἐτελοῦντο
1644 1949 1721 2003 γὰρ
1749 1950 1832 1990 ἐκεῖ

298 2019 346 2060 τὰ
367 2019 574 2071 Ὀλύμπια
605 2020 668 2060 καὶ
698 2020 979 2071 συνηθροίζετο
1007 2019 1107 2061 λαὸς
1136 2019 1273 2062 πολύς·
1306 2020 1371 2059 διὰ
1398 2022 1496 2072 γοῦν
1517 2019 1561 2059 τὸ
1590 2019 1713 2068 ἁλίζω
1735 2018 1831 2072 γρά-

299 2094 418 2140 φεται
442 2091 598 2129 δασεῖα·
632 2089 666 2129 εἰ
689 2089 732 2129 δὲ
752 2087 870 2140 ψιλή,
895 2090 1029 2141 φαμὲν
1052 2089 1113 2129 ὅτι
1135 2087 1180 2129 τὸ
1200 2096 1224 2138 ῆ
1246 2091 1322 2140 πρὸ
1344 2091 1413 2127 τοῦ
1429 2078 1462 2127 λ
1483 2091 1678 2140 ψιλοῦται

358 2159 454 2210 679.
489 2156 709 2214 συβόσεια]
733 2159 1009 2212 χοιροφόρβια
1184 2154 1356 2213 πλατέα]
1382 2156 1542 2211 μεγάλα

231 2251 281 2286 30
358 2226 454 2276 684.
487 2224 602 2282 τύχε]
628 2226 844 2279 κατέτυχεν

358 2294 454 2345 685.
488 2295 649 2347 κήρυκες
680 2294 715 2336 δ’
747 2292 971 2350 ἐλίγαινον]
1006 2296 1044 2334 οἱ
1076 2298 1155 2336 τῶν
1187 2294 1353 2334 Πυλίων
1384 2293 1546 2346 κήρυκες
1583 2292 1705 2345 ὀξέως
1737 2295 1831 2336 ἐπε-

300 2366 495 2404 καλοῦντο
535 2363 708 2409 τούτους,
742 2364 801 2406 οἷς
837 2364 1106 2415 ὀφειλόμενον
1143 2362 1190 2414 ἧν
1227 2363 1269 2403 ἐν
1306 2364 1352 2418 τῇ
1381 2361 1535 2412 γΗλιὸι,
1572 2366 1746 2415 δραμεῖν,
1780 2363 1832 2405 ὡς

301 2430 649 2484 ἀφαρπασθέντων
672 2431 799 2472 αὐτῶν
821 2435 898 2473 τῶν
921 2430 1154 2483 θρεμμάτων
1175 2445 1252 2471 ree.

361 2499 457 2539 686.
490 2497 597 2554 ἴμεν]
622 2499 864 2551 πορεύεσθαι
1040 2499 1134 2540 688.
1167 2497 1344 2556 Ἐπειοί]
1369 2501 1406 2540 οἱ
1429 2498 1589 2542 Ἠλεῖοι
1611 2499 1698 2544 A÷

233 2596 281 2633 35
361 2569 456 2622 694.
488 2565 618 2624 ταῦθ’]
643 2567 708 2608 διά

363 2647 457 2689 704.
490 2636 647 2678 ἄσπετα
670 2633 826 2692 πολλά]
851 2636 893 2676 ἐκ
921 2635 1187 2688 παραλλήλου
1208 2637 1252 2678 τὸ
1275 2637 1372 2679 αὐτό

362 2714 456 2759 705.
490 2702 783 2761 ἀτεμβόμενος]
812 2707 1120 2758 στερισκόμενος
1138 2706 1228 2745 A:
1410 2703 1521 2762 ἴσης]
1545 2707 1657 2757 τιμῆς

362 2785 457 2827 711.
490 2771 646 2829 αἰπεῖα]
669 2772 809 2826 ὑψηλή
988 2785 1081 2825 720.
1113 2774 1378 2828 μετέπρεπον]
1401 2774 1620 2827 ἐνέπρεπον

363 2853 458 2897 723.
489 2840 680 2899 Ἀρήνης]
705 2845 773 2894 τῆς
798 2844 954 2885 πόλεως
975 2845 1044 2894 τῆς
1068 2843 1207 2884 Πύλου
1228 2843 1318 2883 A=

347 2942 374 2972 3.
398 2931 481 2964 οὕτω
496 2943 563 2963 non
579 2936 707 2963 certum
732 2935 745 2971 Η
771 2941 799 2972 5.
815 2931 952 2972 ἅρματος
967 2933 1030 2965 W:
1055 2931 1185 2971 αἵματος
1203 2936 1214 2971 ΙΙ
1243 2942 1292 2974 25.
1309 2932 1467 2973 ’γράφεται
1479 2932 1587 2965 ’Ἤλιδι
1603 2932 1738 2975 scripsi:
1765 2932 1834 2964 33⁷¹

302 2977 366 3017 legi
387 2980 398 3014 ΙΙ
419 2985 470 3015 32.
488 2976 614 3016 δραμεῖν
630 2976 663 3007 ἐν
679 2974 720 3017 τῇ
737 2975 841 3006 ’Ἤλιδι
