1939 3227
240 506 261 543 σι

341 506 365 548 00

373 506 394 535 ιο

401 494 424 534 00

828 109 1054 147 ΙΛΙΑΔΟΣ
1086 110 1134 146 x.
1167 104 1281 162 (22)

431 251 439 259 .
470 217 631 276 μένεος]
656 223 702 260 τὸ
726 226 769 262 0}
789 221 952 272 μακρόν·
986 224 1246 273 καταπεραιοῖ
1265 222 1341 273 γὰρ
1359 222 1414 263 εἰς
1434 220 1551 274 μέρος
1571 222 1698 275 λόγου

430 320 437 328 .
469 288 629 342 ἄλευαι]
653 288 967 341 παραφυλάττου
1144 301 1241 343 301.
1275 289 1393 343 ἀλέη]
1417 289 1605 342 ἀποφυγή

430 388 437 396 .
471 357 558 410 τοῦ]
581 361 650 397 τοῦ
666 357 859 409 ’Έκτορος
948 357 1053 397 ἄλλο
1075 358 1216 411 τόσον]
1239 357 1325 408 ἤτοι
1347 358 1392 399 τὸ
1414 359 1559 400 λοιπὸν
1583 363 1699 410 σῶμα

431 458 438 466 .
471 426 708 480 λαυκανίην]
735 426 835 480 <τὸ>
860 426 957 466 κατὰ
980 426 1049 467 τὸν
1069 427 1230 477 λαιμόν,
1255 427 1333 467 ἀπὸ
1355 430 1424 467 τοῦ
1447 428 1637 468 ἀπολαύω

431 525 439 534 .
473 493 734 552 ἀσφάραγον]
774 496 872 536 ὅλον
908 495 976 536 τὸν
1013 495 1212 548 φάρυγγα·
1246 496 1431 546 ὠνόμασε
1470 498 1512 537 δὲ
1553 496 1672 537 αὐτὸν
1703 497 1817 545 οὕτω,

279 563 519 614 μιμούμενος
540 564 609 605 τὸν
631 564 732 617 ἦχον
753 564 822 605 τὸν
843 565 1055 617 γινόμενον
1078 566 1120 606 ἐν
1143 565 1246 619 αὐτῷ
1269 567 1368 605 κατὰ
1388 565 1461 616 τὴν
1483 564 1623 618 φωνήν
1642 565 1732 605 A—

338 713 434 757 332·

338 770 434 824 336-

212 855 260 879 10
338 840 433 894 346.

336 918 432 962 347-

337 991 434 1033 349-

337 1048 433 1102 356.

336 1126 433 1171 373·

467 631 606 689 μελίη]
631 633 654 683 ἡ
833 645 930 687 329.
961 633 1048 686 μίν]
1071 633 1191 673 αὐτόν

468 699 554 758 ἐμέ]
581 704 675 752 ἐμοῦ
854 715 949 756 333.
984 702 1210 755 ἀοσσητήρ]
1235 702 1368 755 σωτήρ

468 770 707 824 ἑλκήσουσι]
731 771 819 812 ἔστι
842 772 946 812 ἕλκω
970 769 1129 821 ἑλκήσω
1249 783 1346 825 337.
1378 769 1468 828 τόν]
1490 771 1559 814 τὸν
1578 770 1818 824 Πάτροκλον

466 840 604 893 αὐτόν]
628 840 697 891 ἐμέ
875 837 1008 895 ἀνείη]
1034 840 1294 882 ἀναπείσειεν
1314 841 1405 879 A:

467 908 557 962 ὤμ’]
579 909 666 960 ἤτοι
688 909 775 960 ὠμά
950 908 1049 963 348.
1083 909 1151 962 ὣς]
1176 911 1298 952 οὕτως
1319 909 1406 954 Α-ὶ-

468 978 611 1033 νήριτ’]
634 982 772 1020 πολλὰ
796 979 1014 1031 ἀσύγκριτα

466 1045 782 1104 προτιόσσομαι]
809 1051 965 1099 προορῶ
991 1046 1025 1085 Β
1041 1056 1075 1091 -f-

465 1116 776 1170 α’μφιφάασθαι]
799 1118 1078 1169 ψηλαφᾶσθαι
1101 1129 1177 1156 ree.

210 1200 257 1237 15
337 1197 419 1239 379
470 1183 689 1238 <ἐπειδή>]
721 1186 871 1236 ἴαμβον
902 1182 993 1225 α’ντὶ
1031 1187 1252 1225 σπουδαίου
1294 1184 1458 1235 ἐδέξατο
1497 1187 1517 1225 ὁ
1559 1184 1738 1236 ποιητής·
1770 1190 1815 1226 τὸ

277 1255 352 1306 γὰρ
375 1258 397 1275 “
415 1253 540 1295 ἐπεί”
565 1255 714 1305 ἴαμβος

334 1323 433 1372 406.
465 1320 659 1379 λιπαρήν]
684 1324 886 1363 πλουσίαν
1062 1336 1161 1377 431.
1193 1319 1377 1378 βείομαι]
1401 1323 1607 1374 βιώσομαι

334 1403 433 1445 432.
467 1388 506 1447 ὅ]
533 1392 644 1433 ὅστις
820 1404 919 1442 441.
955 1389 1149 1448 δίπλακα]
1173 1395 1217 1431 τὸ
1240 1391 1460 1443 λεγόμενον
1482 1391 1642 1442 δίμοτον

334 1459 418 1510 468
463 1458 554 1517 χέε]
581 1461 722 1514 ἔρριψε
899 1457 1098 1516 δέσματα]
1124 1460 1173 1501 τὰ
1195 1459 1324 1510 δεσμά

209 1549 257 1574 20
472 1527 734 1586 σιγαλόεντα]
759 1531 807 1570 τὰ
829 1531 995 1570 ποικίλα
1170 1539 1268 1581 472.
1302 1529 1417 1582 πόρε]
1441 1530 1461 1569 ὁ
1479 1528 1634 1582 ’Έκτωρ

333 1608 431 1651 473.
468 1596 683 1655 εἰνατέρες]
709 1600 749 1639 αἱ
771 1603 849 1640 τῶν
876 1599 1066 1651 ἀδελφῶν
1087 1602 1271 1652 γυναῖκες
1291 1598 1429 1637 A=B
1445 1608 1479 1642 -ί-

334 1668 431 1719 476.
465 1665 699 1724 ἀμβλήδην]
726 1667 1036 1719 ἀναβάλλεσθαι
1059 1672 1103 1708 τὸ
1126 1667 1452 1720 προοιμιάζεσθαι

333 1737 432 1788 489.
465 1734 805 1793 ἀπουρίσσουσιν]
831 1736 1130 1788 ἀφαιρήσουσιν
1155 1736 1238 1781 Β-Ι-

333 1816 430 1858 502.
462 1803 734 1861 νηπιαχεύων]
760 1807 1042 1857 νηπιευόμενος

208 1894 255 1931 25
335 1884 431 1928 507,
465 1872 566 1931 οἶος]
590 1875 710 1926 μόνος
734 1875 754 1914 ὁ
771 1873 927 1926 ’Έκτωρ
1105 1872 1243 1930 ἔρυσο]
1269 1874 1415 1928 ἔσῳζες

1018 2078 1065 2118 Ψ.

337 2174 403 2216 29.

335 2245 402 2287 30·

436 2160 584 2219 τάφον]
610 2161 821 2215 ἐπιτάφιον
843 2165 1006 2204 δεῖπνον
1029 2162 1116 2206 Α-ὶ·

435 2230 642 2288 ὀρέχθεον]
667 2233 783 2272 ποιόν
805 2249 893 2272 τινα
915 2231 1015 2285 ἦχον
1037 2230 1259 2272 ἀπετέλουν

334 2312 402 2354 37.
434 2301 657 2354 χωόμενον]
682 2300 768 2351 ἤτοι
796 2300 1094 2354 συγκεχυμένον
1114 2299 1299 2342 A=B÷

207 2381 257 2417 30
335 2369 402 2418 46,
428 2380 464 2420 7.
501 2370 616 2422 <ἐπεὶ
638 2370 683 2409 οὔ
703 2369 741 2420 μ’
767 2369 824 2409 ἔτι
846 2369 1028 2421 δεύτερον
1057 2370 1131 2409 ὧδε
1154 2367 1247 2418 ἵξετ’
1274 2367 1373 2421 ἄχος
1397 2367 1609 2421 κραδίην>]
1633 2369 1719 2409 ἐπεὶ
1741 2368 1810 2410 οὐκ

277 2438 326 2478 ἄν
347 2454 413 2489 μοι

334 2507 401 2547 68.

335 2584 402 2627 75·

337 2644 403 2696 85.

207 2726 256 2762 35
336 2696 401 2752 384

335 2794 401 2836 90.

321 2882 352 2914 6.
378 2881 424 2913 ἐπ’

435 2438 539 2477 ἄλλο
560 2455 607 2490 γε
629 2441 807 2477 τοιοῦτον
831 2437 1085 2488 συμβήσεται
1109 2437 1230 2478 κακόν

433 2508 531 2558 ὑπὲρ
556 2506 754 2558 κεφαλῆς]
777 2506 873 2546 ἔνθα
894 2509 938 2545 τὸ
960 2506 1195 2558 λογιστικόν

435 2572 704 2630 ὀλοφύρομαι]
729 2576 794 2615 ἵνα
972 2573 1037 2614 81.
1071 2574 1309 2627 εὐηγενέων]
1333 2578 1411 2616 τῶν
1437 2574 1607 2628 εὐγενῶν

435 2643 674 2696 Ὀπόεντος]
697 2645 764 2693 τῆς
943 2642 1008 2695 87.
1042 2643 1295 2697 κατέκτανον]
1321 2644 1397 2696 ἐγώ

436 2709 748 2768 ἀστραγάλοισι]
773 2714 855 2753 τοῖς
879 2712 1029 2753 κόττοις

434 2785 508 2822 σὸν
531 2780 772 2833 θεράποντα]
793 2779 862 2821 τὸν
884 2780 1121 2833 δραστήριον
1143 2781 1267 2833 φίλον

449 2886 460 2921 ΙΙ
486 2881 594 2922 φωνήν
610 2883 772 2913 incertum
806 2886 817 2919 ΙΙ
849 2890 898 2912 10.
921 2881 1118 2912 ἀναπείσειεν
1135 2883 1270 2923 scripsi:
1294 2881 1460 2913 ἀνέπεισεν
1494 2885 1505 2919 ΙΙ
1542 2882 1591 2913 28.
1616 2881 1733 2913 scholii
1756 2892 1805 2922 pr.

279 2927 321 2957 ad
345 2938 376 2957 v.
403 2936 444 2966 34
468 2927 577 2956 verbis
605 2925 710 2956 παιδιὰ
734 2926 767 2956 δέ
791 2937 839 2956 τις
866 2925 899 2955 ἐν
922 2924 1045 2965 κοτύλῃ
1069 2924 1201 2965 λέγεται
1230 2926 1461 2967 superscripsit
1493 2936 1555 2956 see.
1581 2924 1622 2956 τὰ
1644 2924 1807 2966 λεγόμενα

279 2968 350 2999 εἶπα
368 2969 475 3000 εἶπετά
505 2974 517 3007 ΙΙ
552 2979 569 3009 3
574 2979 603 3009 5.
628 2968 773 3009 κοτζίοις,
791 2973 826 3001 at
843 2969 883 3000 cf.
902 2969 1071 3010 Sophoclis
1088 2969 1152 3001 lex.
1171 2980 1390 3010 neograecum
1407 2979 1467 3001 s.v.
1485 2968 1598 3000 κόττος
