1939 3227
667 104 896 143 ιΛΙΑΔοΣ
927 104 976 142 Α.
1007 99 1022 156 (
1042 102 1064 141 1
1083 99 1098 156 )
1561 98 1647 138 489

111 218 174 259 καὶ
206 220 307 271 σιγῶ
341 219 438 270 σῖγα
469 216 592 259 οὕτως
620 216 663 256 ἐκ
683 218 753 256 τοῦ
775 216 852 267 ὁρῶ
883 215 966 267 ὅρα,
991 215 1055 256 καὶ
1083 216 1185 267 μετὰ
1215 215 1283 265 τῆς
1314 214 1392 254 ὑπό
1419 212 1549 265 ὑπόρα
1581 211 1644 252 καὶ

113 287 357 341 πλεονασμῷ
379 289 448 327 τοῦ
469 275 492 325 δ
514 287 536 307 “
551 284 740 337 ὑπόδρα,”
762 284 806 324 τὸ
827 284 1058 336 ὑφορᾶσθαι

303 353 367 395 καὶ
388 354 550 396 ἄλλως;
585 353 696 395 ἔστιν
718 356 795 405 δρῶ
819 352 883 393 καὶ
913 352 1100 402 σημαίνει
1123 351 1166 392 τό
1190 351 1350 403 βλέπω,
1375 349 1422 401 ἐξ
1441 349 1485 391 οὗ
1507 351 1647 402 δρᾶσις

115 424 179 464 καὶ
201 425 340 476 δρᾶμα·
375 425 417 464 ἐκ
444 425 511 463 τοῦ
540 422 608 463 οὖν
638 425 715 475 δρῶ
736 422 889 474 γίνεται
910 423 992 473 δρᾶ,
1022 419 1085 462 καὶ
1104 422 1205 472 μετὰ
1226 423 1295 472 τῆς
1316 420 1394 461 ὑπό
1417 423 1436 441 “
1454 416 1644 471 ὑπόδρα,”

116 492 161 532 τὸ
181 491 447 543 ὑποβλέπειν·
479 492 544 532 καὶ
565 490 822 543 δραπετεύειν
1676 504 1697 542 5

180 561 273 601 162.
306 558 336 614 ᾧ
359 557 443 616 ἔπι]
468 559 728 612 ἀναστραφέν
752 562 837 599 A:

178 638 271 680 171.
304 625 500 685 πλοῦτον]
524 627 765 677 συνεξάκουε
786 632 855 669 τὸν
876 631 955 669 τῶν
975 627 1127 681 Τρώων

182 707 274 752 173.
307 699 414 749 παρὰ
445 699 497 752 τῷ
530 697 673 753 ποιητῇ
708 696 828 739 πέντε
856 697 1043 747 σημαίνει
1067 698 1087 736 6
1116 697 1249 748 θυμός·
1282 696 1354 748 τὴν
1377 694 1511 750 ὀργήν,
1538 694 1589 738 ὣς
1612 694 1658 735 τὸ

121 770 144 787 “
163 766 284 817 θυμὸς
316 768 357 807 δὲ
387 765 817 818 μέγας-διοτρεφέων
841 765 1057 817 βασιλήων
1071 765 1091 781 ”
1114 764 1186 821 (Il.
1211 778 1248 808 2.
1276 764 1387 821 196),
1408 765 1481 816 τὴν
1507 763 1658 818 ψυχήν,

121 835 173 877 ὡς
201 834 246 875 τὸ
268 838 288 855 “
301 833 496 885 μελιηδέα
528 837 651 887 θυμὸν
683 834 874 887 ἀπηύρα”
897 833 967 890 (Il.
1001 847 1066 876 10.
1095 843 1180 888 495
1213 833 1298 890 aL),
1330 835 1403 885 τὴν
1435 834 1658 884 ἐπιθυμίαν,
1685 849 1732 873 10

123 908 146 926 “
164 901 194 958 ᾧ
227 904 333 958 θυμῷ
358 902 501 953 εἴξασα
527 904 624 956 μίγη
651 904 841 955 φιλότητι
873 904 937 944 καὶ
967 903 1056 959 εὐνῇ
1071 902 1096 918 ”
1119 902 1218 959 (Od.
1237 912 1275 955 5.
1298 902 1410 958 126),
1433 903 1502 944 τὸν
1524 905 1661 944 ε’πιλο-

122 972 284 1026 γισμόν,
317 972 368 1014 ὣς
403 975 448 1012 τὸ
480 971 650 1024 ((ἕτερος
686 971 732 1013 δέ
768 989 811 1013 τε
848 972 968 1023 θυμὸς
1009 972 1189 1023 ἀνῆκεν”
1224 971 1324 1027 (Od.
1360 986 1399 1026 9.
1435 970 1551 1027 302),
1587 972 1661 1022 τὴν

124 1040 326 1092 ὁμόνοιαν,
351 1040 402 1083 ὣς
423 1040 468 1081 τὸ
490 1042 512 1061 “
526 1040 596 1081 ἕνα
618 1040 741 1091 θυμὸν
763 1041 904 1094 ἔχοντε
919 1039 945 1058 ”
967 1038 1064 1095 (Od.
1089 1055 1127 1097 3.
1154 1040 1254 1096 128)
1276 1041 1367 1080 A:

185 1118 278 1161 174.
315 1106 555 1165 <μητιέτα>]
588 1108 774 1160 μητιέτης
804 1110 928 1150 ἐστίν·
962 1111 982 1149 6
1005 1111 1047 1150 δὲ
1075 1113 1253 1152 τοιοῦτος
1281 1113 1562 1163 σχηματισμὸς
1583 1112 1663 1149 τῶν

126 1181 311 1219 Βοιωτῶν
349 1176 413 1218 καὶ
449 1177 631 1219 Αἰολέων
664 1179 788 1225 ἐστίν,
826 1177 878 1221 ὡς
912 1178 957 1219 τὸ
995 1180 1016 1200 “
1037 1178 1236 1220 Θύεστα”
1270 1177 1339 1234 (Il.
1374 1190 1411 1220 2.
1445 1178 1543 1231 107)
1577 1178 1663 1218 ἀντὶ
1690 1189 1736 1227 15

126 1250 195 1288 τοῦ
216 1245 401 1298 Θυέστης
424 1247 488 1287 καὶ
511 1250 534 1267 “
549 1245 878 1300 νεφεληγερέτα”
903 1246 990 1288 ἀντὶ
1012 1250 1081 1288 τοῦ
1103 1246 1433 1301 νεφεληγερέτης·
1456 1246 1548 1299 παρ’
1571 1246 1665 1298 ἡμῖν

128 1317 171 1356 δὲ
193 1315 308 1358 οὐδὲν
329 1316 455 1368 ὄνομα
477 1316 690 1368 ἀρσενικὸν
711 1315 777 1357 ε’πὶ
798 1318 868 1367 τῆς
891 1316 1046 1359 εὐθείας
1069 1318 1124 1359 εἰς
1146 1320 1170 1356 ci
1191 1316 1308 1370 λήγει
1331 1319 1365 1357 Α
1380 1326 1413 1362 4—

191 1385 285 1436 176.
316 1382 496 1441 <ἐσσί>]
541 1384 590 1425 ἔω
632 1385 677 1426 τὸ
717 1384 882 1438 ὑπάρχω
924 1386 1020 1437 ἐσμί
1051 1385 1211 1440 ἐμ<μ>ί
1242 1386 1557 1439 <ἐμσί>-ὅπερ
1594 1386 1669 1439 οὐχ

131 1455 416 1507 εὕρηται-καὶ
438 1454 562 1510 τροπῇ
587 1457 657 1494 τοῦ
676 1454 704 1505 μ
727 1456 782 1497 εἷς
805 1455 832 1495 ἆ
853 1460 878 1476 “
897 1454 1025 1496 ἐσσί”

192 1522 286 1575 178.
320 1520 428 1578 θεός]
451 1522 474 1573 ἡ
499 1522 712 1576 εἱμαρμένη
894 1522 987 1564 182.
1021 1524 1072 1566 ὡς
1095 1522 1182 1580 ἐμέ]
1207 1525 1344 1577 ὥσπερ
1366 1523 1436 1575 ε’μέ
1692 1546 1741 1570 20

192 1592 287 1645 187.
317 1589 430 1647 ἴσον]
455 1590 648 1644 ἰσήγορον
834 1604 927 1646 190.
960 1592 1085 1646 παρά]
1109 1595 1177 1634 ἐπί

195 1673 289 1716 191.
322 1658 609 1717 ἀναστήσειεν]
634 1661 945 1712 ἀναστατώσειε,
968 1662 1236 1714 θορυβήσειεν

196 1742 291 1783 194.
325 1729 504 1783 κολεοῖο]
526 1732 594 1781 τῆς
617 1728 839 1782 ξιφοθήκης
861 1731 928 1780 τῆς
949 1731 994 1771 τὸ
1017 1731 1292 1783 κολοβοποιὸν
1313 1732 1517 1785 φερούσης
1539 1731 1670 1785 ξίφος.

136 1801 259 1842 κόλον
279 1801 356 1853 γὰρ
377 1799 422 1840 τὸ
446 1800 625 1851 κολοβόν

200 1877 292 1924 Ι95.
324 1869 491 1921 οὐρανὸν
512 1869 584 1920 τὴν
607 1867 790 1921 κεφαλήν
812 1875 917 1922 φησι
939 1872 1004 1911 διὰ
1025 1874 1070 1911 τὸ
1093 1871 1350 1924 σφαιροειδές
1696 1887 1744 1926 25

325 1938 478 1989 Ἀθηνᾶ
509 1939 620 1978 ἐστιν
651 1938 672 1988 ἡ
697 1941 766 1978 τοῦ
795 1938 893 1981 Διὸς
923 1939 1142 1991 σύνεσις,ἡ
1174 1941 1271 1992 αὐτὴ
1302 1941 1404 1981 οὖσα
1431 1942 1477 1997 τῇ
1503 1942 1544 1983 ἐν
1566 1941 1670 1996 αὐτῷ

140 2008 319 2061 προνοίᾳ·
359 2007 420 2047 διὸ
450 2007 513 2047 καὶ
541 2007 742 2059 Προνοίας
761 2007 935 2057 Ἀθηνᾶς
958 2010 1108 2060 ἵδρυται
1139 2010 1246 2051 ναός.
1282 2009 1446 2063 λέγεται
1467 2013 1510 2051 δὲ
1532 2028 1672 2063 γεννη-

140 2078 257 2126 θῆναι
289 2076 331 2116 ἐκ
358 2078 427 2126 τῆς
457 2077 638 2127 κεφαλῆς
669 2078 737 2115 τοῦ
771 2077 880 2126 Διός,
907 2075 958 2118 ὡς
991 2081 1070 2118 τῶν
1097 2078 1276 2132 ἀρχαίων
1306 2079 1601 2130 ὑπολαβόντων
1631 2079 1677 2120 τὸ

141 2144 381 2199 ἡγεμονικὸν
421 2146 489 2195 τῆς
524 2147 661 2198 ψυχῆς
701 2144 813 2195 ἡμῶν
849 2146 1017 2186 ἐνταῦθα
1059 2146 1172 2195 εἶναι,
1209 2147 1260 2189 ὡς
1303 2148 1367 2188 καὶ
1410 2148 1536 2201 ἕτεροι
1576 2151 1678 2201 μετὰ

142 2218 265 2255 ταῦτα
295 2212 504 2264 ἐδόξασαν.
547 2213 706 2266 ἀμήτωρ
739 2213 782 2254 δέ
814 2215 926 2255 ἐστιν
956 2214 979 2265 ἡ
1010 2213 1161 2266 Ἀθηνᾶ
1193 2217 1257 2256 διὰ
1287 2219 1333 2256 τὸ
1366 2217 1540 2258 ἀλλοίαν
1577 2218 1678 2259 εἶναι
1700 2233 1749 2269 30

144 2284 216 2335 τὴν
243 2285 312 2334 τῆς
341 2284 481 2335 ἀρετῆς
509 2282 672 2335 γένεσιν
695 2282 758 2322 καὶ
781 2283 855 2337 οὐχ
886 2284 952 2324 οἷα
981 2287 1058 2324 τῶν
1084 2285 1127 2324 ἐκ
1157 2288 1412 2337 συνδυασμοῦ
1441 2286 1679 2339 γενομένων.

145 2352 307 2405 λέγεται
340 2353 382 2392 δὲ
414 2351 464 2394 ὣς
496 2351 568 2402 τὴν
600 2354 734 2402 Μῆτιν
766 2353 969 2394 καταπιὼν
1000 2354 1021 2393 ὁ
1051 2352 1149 2396 Ζεὺς
1175 2354 1322 2405 ταύτην
1350 2354 1575 2408 ἐγέννησεν·
1606 2375 1681 2408 μη-

147 2421 277 2471 τιέτης
304 2423 381 2473 γὰρ
407 2422 470 2461 καὶ
503 2420 668 2462 συνετὸς
694 2419 749 2461 ὢν
781 2421 1001 2473 οὐδαμόθεν
1032 2422 1209 2464 ἄλλοθεν
1236 2421 1260 2474 ἢ
1293 2424 1336 2464 ἐκ
1364 2426 1433 2475 τῆς
1455 2425 1541 2465 καθ’
1563 2426 1683 2466 αὑτὸν

148 2492 302 2542 βουλῆς
327 2490 398 2540 τὴν
430 2489 558 2543 ἀρχὴν
589 2493 657 2529 τοῦ
690 2493 856 2542 φρονεῖν
885 2491 1020 2545 ἔσχεν.
1061 2493 1364 2545 ἐτυμολογεῖται
1395 2495 1438 2534 δὲ
1472 2491 1622 2544 Ἀθηνᾶ
1659 2494 1682 2544 ἢ

150 2561 229 2600 ἀπὸ
259 2561 327 2598 τοῦ
355 2559 491 2610 ἀθρεῖν
522 2557 662 2607 πάντα,
694 2557 783 2609 ἤτοι
810 2559 988 2612 Ἀθρηνᾶ
1015 2577 1074 2602 τις
1105 2560 1219 2612 οὖσα,
1246 2559 1270 2612 ἢ
1303 2560 1459 2612 Ἀθηλᾶ
1491 2579 1550 2605 τις
1582 2562 1683 2603 οὖσα
1705 2573 1753 2611 35

150 2630 216 2670 διὸ.
246 2628 291 2668 τὸ
328 2628 468 2679 καίπερ
499 2626 643 2677 θήλεια
679 2627 780 2668 οὖσα
814 2628 960 2679 ἥκιστα
994 2629 1214 2680 θηλύτητος
1252 2631 1316 2671 καὶ
1353 2630 1554 2673 ἐκλύσεως
1590 2649 1682 2683 μετ-

152 2697 275 2752 έχειν·
307 2699 480 2736 τοιοῦτοι
515 2696 590 2748 γὰρ
623 2697 661 2736 οἱ
698 2697 897 2749 φρόνιμοι,
930 2699 1142 2751 ἀθροῦντες
1179 2698 1267 2749 ἤτοι
1300 2699 1604 2752 προβλέποντες
1638 2702 1687 2740 τὰ

152 2766 353 2817 μέλλοντα
389 2765 453 2805 καὶ
488 2764 635 2815 ἥκιστα
674 2766 917 2818 χαυνότητος
957 2766 1208 2821 μετέχοντες.
1264 2768 1479 2819 παρθενεία
1514 2767 1558 2809 δέ
1599 2769 1688 2809 ἐστι

198 2866 227 2897 9.
246 2854 408 2890 βασιλέων
435 2858 446 2891 Η
476 2864 524 2886 12.
549 2854 582 2886 δέ
598 2866 635 2893 με
653 2856 746 2887 codd.
764 2857 826 2888 Od.
852 2861 865 2895 ΙΙ
894 2859 943 2889 18.
968 2856 1042 2896 ἑσμί
1058 2858 1191 2898 scripsi:
1209 2856 1272 2896 εἰμι’
1297 2861 1309 2895 ΙΙ
1338 2867 1386 2888 20.
1404 2862 1478 2898 post,
1503 2859 1564 2897 εἱμ.
1583 2859 1684 2900 scrip-

154 2904 228 2931 tum
244 2899 349 2938 δήσεις
376 2904 388 2937 Η
419 2897 468 2930 26.
495 2900 637 2930 evanida
659 2900 694 2930 in
711 2900 771 2931 hoc
788 2901 913 2932 scholio
934 2902 1058 2933 multa:
1082 2901 1314 2941 supplementa
1339 2901 1406 2932 fere
1427 2913 1467 2933 ex
1488 2902 1516 2932 L
1538 2906 1685 2944 sumpta,

153 2944 232 2985 quia
256 2947 347 2974 certa
371 2953 481 2973 coram
504 2942 615 2973 codice
639 2943 851 2984 videbantur,
876 2945 1022 2977 indicare
1047 2945 1138 2976 nolui
1166 2948 1177 2982 ΙΙ
1207 2954 1257 2984 31.
1282 2944 1350 2976 οἵαν
1367 2946 1507 2977 Cornuti
1531 2947 1682 2978 codicum

155 2997 232 3029 pars
257 2991 268 3026 ΙΙ
294 2985 476 3027 ’γενομένων
492 2987 592 3017 etiam
610 2987 776 3018 Cornutus
