1939 3227
1510 135 1531 172 Ol

1538 134 1592 172 *31

600 137 827 174 ιΛΙΑΔοΣ
860 138 904 174 Σ.
938 133 1051 189 (18)

117 261 214 303 431.
249 246 381 305 ἀρειῇ]
403 249 475 305 ἀρῇ
499 248 562 300 ἤν,
585 248 648 288 καὶ
670 247 913 303 πλεονασμῷ
936 250 1005 298 τῆς
1027 248 1061 288 ἆ
1083 251 1106 269 “
1122 247 1231 302 ἀρειῇ
1245 246 1268 260 ”

115 330 215 372 443.
252 318 391 371 <σφῶι
412 315 583 374 δόμεν>]
606 319 717 369 ὑμεῖς
739 318 902 368 ἐδόθητε

116 387 214 436 446.
251 386 325 440 (οὐ
345 388 419 438 μὲν
439 386 514 439 γάρ
536 403 573 427 τι
596 387 671 427 πού
693 387 805 427 ἐστιν
827 386 1084 438 ὀιζυρώτερον
1107 381 1300 440 ἀνδρός>]
1324 382 1535 435 ὑπερβολή

117 466 215 509 457.
248 457 402 509 κονίην]
429 455 502 507 τήν
677 455 1014 509 ἀπὸ-βαλόντε]
1038 454 1319 506 ἀποβαλόντες

117 525 215 579 469.
249 525 496 578 Αὐτόμεδον]
521 525 571 568 ὣς
593 525 637 566 τὸ
659 524 993 578 “Ἀγάμεμνον·”
1027 524 1116 565 ἔστι
1139 525 1181 564 δὲ
1204 522 1397 564 Αἰολικόν
1618 535 1640 573 5

249 592 455 649 νηκερδέα]
481 594 529 634 τὰ
552 595 745 646 ἀνωφελῆ

118 674 217 715 492.
252 662 445 714 εἰλυμένω
469 660 617 719 ὤμους]
641 662 939 714 ἐσκεπασμένοι
962 662 1053 704 τούς

118 743 216 785 493.
249 731 410 787 αὔῃσιν]
434 731 572 784 ξηραῖς

121 800 219 854 637.
254 801 516 855 ἀκηχέδαται]
538 805 770 842 λυποῦνται.
806 799 912 854 (ἀπὸ
933 798 1030 851 τοῦ)
1057 799 1194 853 ἀκάχω

121 871 220 919 640.
253 867 334 925 εἴη]
360 872 570 922 πορευθείη
749 869 845 924 643.
879 866 1075 925 Ἀχαιῶν]
1100 870 1142 909 ἐκ
1168 871 1246 908 τῶν
1625 879 1673 905 10

122 939 218 989 677.
251 938 548 993 ἀ<μ>φικόμῳ]
571 942 688 979 δασεῖ

123 1009 218 1060 694.
253 1007 489 1061 κατέστυγε]
512 1007 599 1058 ἤτοι
622 1008 872 1061 ἐστύγνασεν
888 1008 975 1051 Α-ὶ-

262 1075 562 1132 <κατέστυγε>]
598 1081 730 1130 στυγῶ
762 1077 807 1117 τὸ
840 1080 945 1128 μισῶ
977 1077 1040 1116 καὶ
1073 1079 1204 1127 στυγῶ
1237 1078 1281 1114 τὸ
1315 1074 1493 1126 φρίσσω.
1525 1073 1602 1113 ὧδε

64 1149 160 1199 γοῦν
183 1145 227 1186 οὐ
249 1148 364 1185 τοῦτο
388 1146 589 1198 ἐμφαίνει,
617 1144 725 1185 ἀλλὰ
748 1145 792 1186 τὸ
820 1145 1069 1198 ἐστύγνασεν

125 1225 220 1268 709.
253 1214 339 1268 μίν]
366 1218 435 1255 τόν
455 1213 659 1268 Ἀχιλλέα
837 1226 933 1265 710.
966 1213 1075 1264 μάλα
1096 1209 1190 1268 περ]
1216 1213 1284 1252 καί
1629 1224 1674 1261 15

125 1284 221 1336 726.
256 1283 331 1335 πρὸ
354 1280 524 1339 κούρων]
553 1283 781 1334 ἔμπροσθεν
958 1291 1055 1334 727.
1089 1280 1181 1334 ἕως]
1203 1279 1318 1334 μέχρι
1340 1280 1448 1321 τινός
1465 1277 1552 1318 B:

126 1364 221 1405 741.
255 1352 422 1406 ἀζηχής]
446 1351 618 1406 συνεχής

128 1433 223 1474 742.
256 1421 580 1474 ἀμφιβαλόντες]
604 1422 922 1473 ἀμφερείσαντες

127 1492 222 1544 748.
254 1487 409 1546 ὑλήεις]
436 1491 456 1530 ὁ
479 1489 657 1541 ξυλώδης
832 1489 1005 1542 πεδίοιο]
1028 1488 1092 1530 διά

262 1561 418 1601 πεδίοιο
441 1560 674 1611 διαπρύσιον
695 1558 939 1612 τετυχηκώς]
971 1556 1062 1610 παρ’
1086 1559 1185 1598 ὅλον
1206 1556 1250 1597 τὸ
1274 1557 1412 1597 πεδίον
1434 1571 1606 1607 παρατε-
1629 1573 1678 1597 20

71 1628 253 1681 ταμένως
275 1628 419 1679 διήκων

130 1704 225 1748 750.
259 1695 388 1748 ἄφαρ]
412 1692 565 1749 ταχέως
743 1694 838 1746 760.
872 1694 964 1746 περί
984 1693 1015 1733 τ’
1041 1694 1146 1745 ἀμφί
1166 1692 1227 1746 τε]
1251 1691 1507 1745 πανταχόθεν

817 1862 845 1887 3*

133 1956 171 1997 3.
205 1941 519 1995 ὀρθοκραιράων]
542 1940 662 1993 ὀρθὰς
686 1941 843 1993 κεραίας
868 1942 1060 1993 ἐχουσῶν,
1076 1938 1373 1990 ὀρθοπρύμνων.
1408 1937 1546 1989 κεραία
1567 1937 1610 1976 δὲ

79 2015 259 2052 καλεῖται
281 2011 326 2052 τὸ
349 2011 481 2053 ἐπάνω
504 2014 572 2051 τοῦ
598 2012 711 2051 ἱστοῦ
743 2008 951 2061 δεδεμένον
973 2007 1150 2061 πλάγιον
1172 2006 1306 2058 ξύλον,
1330 2006 1374 2047 οὗ
1397 2005 1609 2056 ἐξάπτεται
1633 2019 1679 2056 25

71 2080 94 2131 ἡ
119 2081 238 2132 ὀθόνη
256 2081 296 2120 A
310 2090 343 2125 ÷

136 2150 172 2189 8.
205 2150 258 2201 μὴ
282 2149 329 2200 δή
352 2167 416 2201 μοι
441 2148 661 2201 τελέσωσι]
684 2146 844 2188 δέδοικα

138 2228 202 2270 17.
238 2215 380 2274 θερμά]
407 2219 458 2260 ὡς
479 2218 558 2258 ἀπὸ
578 2217 730 2269 βάθους
754 2216 1028 2270 κατερχόμενα

133 2300 201 2343 33.
235 2287 255 2328 ὃ
279 2287 339 2341 δέ]
363 2289 383 2327 ὁ
404 2287 624 2341 Ἀχιλλεύς
669 2294 672 2297 ”
803 2284 1040 2337 κυδάλιμον]
1064 2283 1161 2324 κατά

135 2367 203 2409 50.
238 2356 460 2410 ἀργύφεον]
486 2357 608 2397 οἱονεὶ
637 2356 794 2395 λευκόν.
838 2355 1042 2407 ἀργόφεον
1070 2354 1168 2393 κατὰ
1201 2353 1364 2393 Αἰολεῖς
1391 2351 1516 2407 τροπῇ
1543 2353 1611 2390 τοῦ
1633 2368 1683 2404 3ο

79 2427 100 2466 ὃ
125 2427 179 2468 εἷς
201 2426 236 2476 ὖ,
261 2426 448 2476 δηλονότι
471 2425 515 2465 οὗ
536 2425 559 2475 ἡ
579 2428 729 2476 φαῦσις
752 2423 864 2476 ἀργή,
888 2421 1071 2463 τουτέστι
1092 2420 1214 2471 λευκή

137 2506 206 2547 54.
239 2493 613 2546 δυσαριστοτόκεια]
637 2491 702 2533 ἐπὶ
726 2494 830 2547 κακῷ
853 2492 1020 2545 ἄριστον
1041 2491 1158 2531 τόκον
1179 2489 1416 2543 γεννήσασα
1433 2487 1511 2527 ΑΒ
1525 2497 1559 2532 4—

138 2572 206 2615 57.
239 2562 389 2617 γουνῷ]
411 2563 561 2617 γονίμῳ
584 2563 692 2616 τόπῳ
710 2561 789 2600 ΑΒ
804 2571 837 2605 -Ι-
968 2560 1036 2600 66.
1062 2559 1203 2612 σφίσι]
1221 2557 1400 2610 “Όμηρος
1424 2557 1444 2597 ἶ
1466 2556 1615 2610 γράφει

140 2632 208 2672 68.
246 2631 528 2685 <ἐπισχερώ>]
573 2630 661 2681 ἤτοι
703 2631 800 2670 κατὰ
841 2628 967 2680 τάξιν,
1011 2630 1054 2669 ἐκ
1095 2630 1328 2679 μεταφορᾶς
1371 2628 1439 2676 τῆς
1480 2625 1613 2679 χειρὸς

80 2704 261 2754 παρόσον
284 2700 425 2750 ταύτης
451 2702 499 2740 τὰ
521 2699 695 2740 δάκτυλα
718 2700 814 2739 κατὰ
836 2697 948 2749 τάξιν
971 2698 1089 2738 εἰσίν·
1131 2694 1154 2746 ἢ
1182 2696 1260 2736 ἀπὸ
1283 2697 1351 2745 τῆς
1373 2695 1442 2735 ἐπί
1470 2693 1613 2746 προθέ-
1635 2709 1684 2746 35

81 2788 184 2812 σεως
217 2771 281 2810 καὶ
313 2772 380 2809 τοῦ
413 2768 569 2822 σχέσις,
594 2767 679 2818 ἤτοι
714 2767 907 2818 ἀλλήλων
940 2764 1212 2819 ἐξηρτημένοι.
1255 2763 1399 2817 σχέσις
1431 2761 1484 2812 δέ,
1518 2763 1614 2802 ὅταν

81 2839 127 2880 τὸ
152 2840 195 2880 ἓν
216 2842 285 2879 τοῦ
307 2836 438 2890 ἑτέρου
460 2836 646 2891 ἐξέχηται

129 2928 156 2950 1.
173 2917 232 2958 ἀρῇ
251 2918 309 2948 W:
327 2915 386 2955 ἀρή
406 2920 417 2953 ΙΙ
438 2926 465 2956 5.
483 2914 542 2946 τὸν
559 2914 784 2955 Ἀγαμέμνονα
804 2920 816 2953 Η
842 2924 889 2946 10.
908 2915 951 2945 ad
969 2925 998 2945 V.
1017 2912 1080 2952 663
1097 2912 1357 2953 superscriptum
1375 2911 1415 2941 ὡς
1430 2911 1446 2941 ὁ
1464 2909 1574 2949 θερμός
1599 2914 1611 2948 ΙΙ

84 2971 133 2994 11.
159 2962 265 3003 suppl.
288 2972 350 2992 sec.
376 2961 410 2990 in
427 2964 522 2991 textu
548 2963 559 2997 ΙΙ
587 2968 638 2998 30.
663 2958 823 2999 ἀργύφεον
840 2958 922 2989 κατὰ
946 2958 1081 2998 scripsi:
1106 2955 1291 2996 ἀργόφεκτα
1317 2960 1329 2993 Η
1357 2964 1407 2995 31.
1432 2954 1452 2993 ἡ
1477 2954 1613 2994 scripsi:

81 3018 109 3037 κ.
129 3007 193 3047 legi
220 3010 231 3042 ΙΙ
259 3015 310 3044 35.
335 3004 436 3035 ταῦτα
463 3008 474 3041 ΙΙ
502 3002 552 3042 36.
576 3002 735 3042 ἀλλήλαις

785 3069 907 3097 Nn).
