1939 3227
618 112 842 150 ιΛιΑΔοΣ
876 111 923 150 K.
956 108 971 164 (
993 108 1077 164 10)
1528 106 1613 149 527

145 235 239 279 393.
272 221 445 280 ἅρματα]
469 222 557 274 ἤτοι
579 222 695 274 ἅρμα.
732 221 820 262 ἀντὶ
841 225 972 263 ἑνικοῦ
993 223 1046 278 τῷ
1068 223 1321 277 πληθυντικῷ
1346 220 1614 275 ἐχρή<σα>το

140 294 239 343 408.
272 294 293 333 6
316 297 334 314 “
350 293 416 333 δαί
430 291 453 306 ”
477 291 700 345 σύνδεσμος
726 292 746 330 ὁ
778 293 842 331 διὰ
873 295 943 331 τοῦ
973 290 997 331 ἆ
1029 292 1093 332 καὶ
1126 291 1190 332 διὰ
1218 293 1286 331 τοῦ
1315 293 1330 330 ῐ
1357 289 1614 344 γραφόμενός

83 363 174 403 ἐστι
195 363 268 413 μὲν
291 361 596 413 συμπλεκτικός,
618 359 755 411 μόνοις
776 361 819 401 δὲ
841 362 924 401 τοῖς
946 363 1210 411 πυσματικοῖς
1233 358 1516 400 συντάσσεται.
1549 357 1614 398 καὶ

21 441 25 444 ”
83 432 234 484 ἀπορεῖ
249 432 270 471 6
284 430 565 471 Ἀπολλώνιος
587 429 687 469 οὕτω
707 427 841 481 λέγων
852 426 921 483 (ef.
939 427 989 468 de
1008 427 1174 470 constr.
1187 443 1227 482 p.
1247 439 1298 481 77
1325 427 1405 483 B.),
1422 427 1473 469 ὣς
1487 426 1524 467 οἳ
1540 428 1615 477 μὲν

83 498 501 553 παραπληρωματικὸν
527 497 718 538 θέλουσιν
745 496 864 538 αὐτὸν
900 497 1002 538 εἶναι
1031 498 1348 548 ἰσοδυναμοῦντα
1372 496 1426 550 τῷ
1459 494 1519 546 δή,
1547 495 1614 536 ὅτε
1636 507 1659 546 5

83 568 288 621 παρέλκει,
310 568 346 609 οἳ
371 568 471 622 (δὲ)
496 568 586 620 περὶ
616 566 889 620 Ἀρίσταρχόν
917 570 1046 618 φασιν
1073 567 1329 616 ἰσοδυναμεῖν
1352 564 1470 605 αὐτὸν
1491 565 1543 617 τῷ
1572 563 1616 604 δέ

85 639 138 693 τῷ
157 637 222 678 διὰ
238 640 306 677 τοῦ
322 639 344 677 ἓ
362 640 491 689 ψιλοῦ
511 634 752 690 γραφομένῳ
771 636 835 676 καὶ
858 635 960 676 εἶναι
983 635 1293 686 συμπλεκτικόν·
1317 635 1455 685 διόπερ
1474 633 1516 672 ἐν
1534 634 1618 674 τοῖς

85 711 108 729 “
126 710 210 749 πῶς
233 705 296 747 δαὶ
318 709 396 747 τῶν
418 705 557 746 ἄλλων
576 704 756 758 Τρώων”
780 703 995 755 δυνάμενος
1019 702 1274 756 ἀποστρέψαι
1295 703 1368 753 μὲν
1390 705 1434 742 τὸ
1457 700 1511 750 δέ,
1526 698 1575 741 ἵν’
1593 699 1618 756 ᾗ

87 777 107 816 ὁ
131 775 174 817 δέ
196 774 489 827 συμπλεκτικὸς
514 772 876 825 συναληλιμμένος,
892 776 1060 814 δασῦναι
1082 775 1125 814 δὲ
1151 773 1224 824 τὴν
1244 772 1286 813 ὦ
1308 772 1534 824 δίφθογγον
1555 768 1619 810 καὶ

87 848 360 896 πληθυντικὸν
382 844 527 896 ἄρθρον
550 842 971 896 ἐκδέχεσθαι-δεῖται
1002 843 1079 894 γὰρ
1108 845 1177 882 τοῦ
1206 843 1352 895 ἄρθρου
1378 840 1402 891 ἡ
1433 837 1619 889 σύνταξις
1643 852 1691 879 10

86 917 260 954 -τοῦτο
281 914 354 964 μὲν
377 913 422 954 οὐ
444 912 650 962 πεποίηκε,
663 915 799 964 ψιλῶς
821 913 863 952 δὲ
886 910 954 952 τὸν
968 909 1096 951 “Bal’'
1114 910 1318 964 προήγαγε
1341 907 1425 951 καθ’
1445 909 1487 950 ἓν
1502 907 1621 961 μέρος

87 982 226 1036 λόγου,
271 981 498 1031 σύνδεσμον
534 980 796 1033 ἐκδεχόμενος
838 979 1148 1030 συμπλεκτικόν,
1188 979 1426 1032 γιγνώσκων
1467 981 1512 1017 τὸ
1553 979 1622 1017 τοῦ

87 1053 253 1101 ποιητοῦ
286 1050 439 1101 ἰδίωμα,
470 1049 522 1091 ὣς
554 1047 807 1090 ἐλλειπτικὸς
836 1047 911 1098 μέν
943 1048 1028 1088 ἐστι
1059 1051 1138 1088 τῶν
1169 1047 1336 1100 ἄρθρων,
1369 1045 1492 1101 τούτῳ
1519 1044 1618 1098 <δὲ>

89 1118 298 1174 συνδέσμῳ
320 1120 420 1170 μετὰ
442 1122 521 1158 τῶν
541 1117 865 1171 πυσματ<ικ>ῶν
886 1116 1075 1170 κέχρηται

145 1188 243 1239 416.
276 1183 508 1242 φλοίσβου]
533 1189 601 1237 τῆς
622 1188 799 1239 ταραχῆς
820 1189 889 1225 τοῦ
910 1183 1086 1237 πολέμου
1648 1192 1693 1230 15

146 1267 243 1310 417.
276 1252 504 1312 κεκριμένη]
529 1254 823 1308 ἐπιλελεγμένη
847 1258 932 1294 A:

147 1325 245 1376 428.
281 1321 625 1380 <ἀγκυλότοξοι>]
650 1323 865 1377 ἀ<γ>κύλη
884 1323 988 1366 εἶδος
1010 1322 1206 1370 ἀκοντίου,
1221 1322 1266 1363 τὸ
1287 1322 1510 1376 λεγόμενον
1529 1322 1624 1374 ῥηκ-

89 1395 227 1448 τάριον

147 1475 247 1516 434.
270 1460 477 1514 νεήλυδες]
501 1461 647 1503 νεωστὶ
670 1460 912 1510 ἐληλυθότες
927 1462 1008 1503 A÷
1090 1466 1188 1512 435.
1209 1454 1429 1513 βασιλεύς]
1455 1459 1627 1511 Θρᾳκῶν

280 1531 330 1585 τῷ
359 1528 490 1584 Ῥήσῳ
521 1529 714 1582 χρησμός,
744 1528 796 1570 ὥς
828 1534 968 1580 φασιν,
1000 1526 1048 1578 ἥν
1081 1526 1304 1577 δεδομένος,
1338 1526 1411 1574 ὅτι,
1444 1527 1479 1567 εἰ
1510 1525 1627 1567 αὐτὸς
1649 1536 1697 1561 20

90 1600 281 1654 γεύσεται
302 1602 370 1639 τοῦ
391 1599 532 1641 ὕδατος
555 1599 619 1638 καὶ
643 1599 679 1638 οἱ
702 1598 816 1638 ἵπποι
841 1596 958 1637 αὐτοῦ
979 1599 1048 1636 τοῦ
1071 1594 1329 1647 Σκαμάνδρου
1350 1595 1476 1636 πίωσι
1502 1593 1623 1648 <καὶ>

92 1671 161 1720 τῆς
187 1669 325 1709 αὐτόθι
346 1670 480 1719 νομῆς,
503 1665 809 1719 ἀκαταμάχητος
833 1666 947 1706 ἔσται
970 1666 1026 1708 εἰς
1056 1664 1101 1705 τὸ
1132 1663 1342 1706 παντελές·
1375 1663 1395 1704 ὃ
1421 1665 1464 1704 δὲ
1489 1667 1628 1705 νυκτὸς

96 1739 277 1791 ἔφθασεν
306 1738 362 1779 εἰς
390 1737 462 1788 τὴν
482 1736 631 1788 Τροίαν
661 1734 725 1776 καὶ
751 1735 819 1776 οὐκ
853 1734 1010 1787 ἔφθασε
1038 1732 1264 1787 γεύσασθαι
1286 1736 1355 1773 τοῦ
1377 1733 1530 1774 ὕδατος·
1564 1730 1628 1772 καὶ

93 1810 159 1848 διὰ
179 1810 294 1847 τοῦτο
317 1805 513 1858 ἐφονεύθη
537 1808 571 1845 Α
585 1815 619 1849 -l-

151 1884 250 1928 450.
284 1872 420 1930 εῖσθα]
445 1873 718 1930 παραγενήσῃ,
741 1872 860 1924 ἥξεις,
884 1872 1032 1928 ἐλεύσῃ
1056 1875 1141 1911 Α-
1651 1884 1698 1919 25

152 1946 250 1999 463.
287 1941 656 1999 <ἐπιβωσόμεθα>]
687 1944 992 1994 ἐπιβοησόμεθα
1021 1940 1082 1991 ἦν,
1117 1941 1181 1981 καὶ
1212 1940 1336 1995 τροπῇ
1366 1941 1435 1979 τοῦ
1461 1937 1486 1990 ἦ
1516 1939 1578 1980 καὶ
1608 1937 1629 1979 ὃ

98 2017 154 2057 εἰς
175 2012 208 2055 ’ὦ
228 2013 332 2067 μέγα
351 2014 505 2066 γίνεται
527 2011 882 2064 “ἐπιβωσόμεθα”

154 2084 252 2134 466.
283 2078 470 2138 μυρίκην]
491 2085 693 2133 θαμνῶδες
715 2082 842 2133 φυτόν
866 2084 949 2120 A:
1096 2075 1258 2134 δέελον]
1284 2078 1511 2131 εὔγνωστον
1532 2077 1619 2122 Α-ὶ-

154 2154 250 2205 485.
284 2148 598 2207 ἀσημάντοισιν]
622 2151 675 2202 μὴ
700 2150 840 2203 ἔχουσι
862 2149 953 2191 τοὺς
976 2149 1288 2189 ἐπιστατοῦντας
1431 2146 1629 2199 γράφεται

99 2230 123 2246 “
142 2219 474 2274 ἀσημάντορσιν”
498 2234 576 2260 ree.
1652 2231 1700 2266 30

155 2305 252 2347 493.
285 2287 509 2346 ἀήθεσσον]
535 2290 670 2341 ἀηθεῖς
693 2288 798 2339 ἦσαν
819 2288 947 2329 αὐτῶν
970 2291 1055 2327 A:

155 2371 253 2413 497.
286 2356 493 2410 Οἶνείδαο]
517 2357 537 2396 6
559 2358 627 2396 τοῦ
650 2354 803 2397 Οἰνέως
826 2355 988 2407 ἔκγονος
1012 2352 1214 2405 Διομήδης

156 2438 254 2479 499.
289 2424 363 2464 σὺν
385 2422 418 2464 δ’
440 2419 593 2478 ᾔειρεν]
617 2420 839 2471 συνέδησεν
854 2419 945 2459 Α--

158 2501 254 2544 502.
280 2486 487 2544 ῥοίζησεν]
513 2487 714 2539 ἀνάρθρως
736 2487 960 2539 ἐφώνησεν,
983 2485 1003 2526 ὃ
1028 2484 1143 2537 ἡμεῖς
1165 2484 1341 2537 συρίζειν
1363 2482 1497 2536 φαμέν
1518 2486 1602 2527 A÷

159 2566 255 2610 503.
289 2551 497 2610 κύντατον]
522 2553 809 2606 χαλεπώτατον
927 2561 1025 2604 510.
1058 2548 1365 2606 πεφοβημένος]
1391 2549 1551 2602 φεύγων
1653 2566 1701 2601 35

163 2635 259 2678 513.
293 2615 540 2675 ἐπεβήσετο]
566 2618 630 2659 καὶ
653 2620 673 2659 ὁ
696 2617 899 2669 Διομήδης
922 2618 986 2658 καὶ
1013 2618 1034 2657 6
1053 2616 1278 2658 Ὀδυσσεύς

292 2683 414 2742 κόψε]
439 2685 597 2726 ἐκτύπει
773 2684 869 2736 526.
903 2680 1076 2738 σκοπόν]
1100 2682 1169 2724 τὸν
1193 2683 1366 2723 Δόλωνα

161 2764 258 2807 542.
286 2748 534 2807 ἠσπάζοντο]
559 2750 870 2802 περιεπλέκοντο
1047 2748 1143 2801 546.
1179 2744 1314 2802 σφῶε]
1337 2748 1428 2797 ὑμῖν

149 2852 178 2882 3.
200 2840 409 2880 πυσματικοΐς
425 2840 534 2870 Cram.
552 2840 619 2869 An.
637 2839 712 2869 Par.
731 2838 789 2869 III
818 2847 854 2877 13
879 2842 913 2869 et
938 2838 1014 2876 284:
1041 2835 1184 2873 πύσμασι
1210 2839 1222 2872 ΙΙ
1251 2833 1279 2865 6.
1297 2833 1447 2874 supplevi
1467 2844 1505 2863 ex
1522 2833 1631 2864 Cram.

103 2889 172 2919 An.
192 2892 203 2923 Η
229 2895 239 2915 1
252 2895 276 2915 1.
295 2883 342 2914 δαὶ
360 2884 468 2914 Cram.
486 2885 575 2914 An.:
595 2881 626 2912 δὲ
647 2886 660 2922 u
684 2891 731 2921 13,
752 2891 800 2921 14.
817 2881 968 2922 supplevi
986 2891 1025 2911 ex
1042 2880 1150 2910 Cram.
1170 2879 1237 2909 An.
1258 2881 1269 2915 ΙΙ
1292 2886 1339 2917 15.
1357 2876 1423 2907 ταῖς
1440 2876 1594 2916 ταραχαῖς
1619 2880 1630 2913 ΙΙ

107 2940 158 2961 21.
182 2928 333 2970 supplevi
358 2938 397 2958 ex
420 2926 487 2956 AD
513 2929 524 2962 ΙΙ
554 2935 603 2957 22.
627 2924 805 2965 ’γεύσωνται
831 2930 903 2965 post
929 2924 1026 2962 νομῆς
1049 2922 1181 2963 supplet
1206 2921 1237 2952 D
1261 2924 1272 2957 Η
1303 2930 1352 2960 25.
1378 2919 1591 2960 παραγενήσει
1619 2924 1631 2956 ξς

110 2983 158 3014 29,
181 2982 231 3012 30.
255 2983 306 3011 γρ.
323 2969 537 3010 ἀσημάντοροι
