1939 3227
263 111 349 150 544
799 110 1024 149 [ΛΙΑΔοΣ
1058 112 1108 149 Π.
1141 107 1156 165 (
1175 107 1258 164 16)

326 233 419 276 227.
454 224 521 265 ὅτε
546 224 599 275 μὴ
625 223 693 264 Διὶ
716 220 857 279 πατρί]
883 223 916 264 εἰ
937 221 1002 274 μή.
1031 222 1118 264 ἔστι
1140 224 1181 263 δὲ
1202 223 1387 277 ῥητορικὴ
1409 222 1432 274 ἡ
1457 221 1604 276 φράσις

325 294 419 335 228.
455 293 588 348 θεείῳ]
614 294 707 347 θείῳ
886 304 981 346 243.
1016 291 1038 343 ἤ
1064 291 1134 347 ῥα]
1159 293 1219 333 ὅτι
1242 293 1365 334 ὅντως

324 374 419 412 244.
454 359 508 418 εἰ]
533 361 626 413 “ἤ”

323 432 417 481 264,
440 438 479 483 5.
513 430 676 484 ἔχοντες
698 431 866 482 πρόσσω
889 431 967 472 πᾶς
989 426 1170 485 πέτεται]
1195 430 1457 481 καινοπρεπὲς
1478 428 1523 469 τὸ
1545 431 1684 483 σχῆμα

220 511 243 548 5
323 513 418 556 302.
453 497 575 556 ἐρωή]
600 498 787 550 ἀναβολή

323 581 419 624 304.
446 565 805 625 <προτροπάδην>]
824 565 1125 620 ἠπειγμένως,ἢ
1148 570 1217 608 τὸν
1239 567 1386 607 οἰκεῖον
1407 565 1556 620 αὐχένα
1578 565 1800 608 δεικνύντες

323 647 418 693 315.
453 634 582 694 μυών]
607 636 845 678 συνέλευσις
866 639 945 677 τῶν
967 639 1114 688 νευρῶν

322 719 418 761 324.
453 706 531 747 ἀπὸ
566 703 751 761 μυώνων]
787 705 865 746 ἀπὸ
901 705 969 754 τῆς
1001 704 1229 747 συνθέσεως
1262 703 1325 746 καὶ
1354 706 1423 755 τῆς
1456 706 1689 754 συμπλοκῆς
1721 706 1800 743 τῶν

264 779 412 829 νευρῶν

197 858 244 883 10
322 857 417 900 331.
451 840 616 899 κλόνον]
641 841 877 895 συστροφήν

321 914 417 969 338.
453 910 695 968 ἱπποκόμου]
718 913 785 962 τῆς
808 912 1046 966 ἱπποτρίχου

321 995 417 1037 339.
451 981 659 1035 ἐρραίσθη]
681 980 889 1033 διεφθάρη,
915 979 1094 1030 ἐκλάσθη

320 1063 418 1105 341.
450 1047 674 1106 παρηέρθη]
700 1049 982 1102 ἀπεκρεμάσθη
1163 1057 1260 1102 347.
1295 1047 1468 1101 κέασσε]
1491 1047 1742 1090 συνέκλασεν

322 1132 418 1175 349.
449 1119 494 1161 τὸ
516 1117 579 1175 δέ]
605 1118 650 1159 τὸ
672 1119 769 1171 αἷμα

197 1200 243 1238 15
321 1189 418 1244 356.
451 1188 496 1229 τὸ
520 1186 792 1242 ((ἐπέχραον”
818 1185 904 1228 ἀντὶ
927 1190 995 1227 τοῦ
1024 1185 1341 1238 προσεπέλασαν
1362 1185 1451 1229 τοὺς
1484 1189 1639 1240 χρῶτας
1671 1186 1800 1226 αὐτῶν

263 1259 300 1299 οἱ
328 1258 443 1298 λύκοι
465 1260 547 1299 τοῖς
577 1256 708 1310 χρωσὶ
730 1259 807 1297 τῶν
830 1256 971 1307 ἀρνῶν,
993 1254 1080 1305 ἤτοι
1103 1253 1363 1307 προσέμιξαν·
1406 1255 1442 1295 οἳ
1475 1256 1517 1295 δὲ
1549 1257 1627 1295 τῶν
1647 1252 1801 1304 λέξεων

262 1326 551 1379 παραφρασταὶ
573 1329 617 1365 τὸ
642 1323 903 1378 “ἐπέχραον”
924 1322 1010 1365 ἀντὶ
1027 1327 1096 1363 τοῦ
1112 1324 1290 1373 ἐπῆλθον
1303 1322 1571 1375 ἡρμήνευσαν.
1606 1323 1639 1376 ξ.
1659 1322 1736 1362 ἀπὸ
1759 1322 1801 1362 δὲ

264 1395 432 1447 θέματος
469 1397 537 1434 τοῦ
573 1392 684 1447 χράω
721 1393 766 1434 τὸ
800 1391 1068 1445 προσπελάζω
1109 1392 1129 1431 6
1164 1391 1328 1443 μέλλων
1364 1390 1517 1444 χράσω,
1556 1392 1576 1431 6
1613 1391 1800 1443 ἀόριστος

265 1464 427 1517 ἔχραον,
449 1463 495 1504 τὸ
527 1463 661 1516 τρίτον
683 1466 762 1504 τῶν
783 1464 1063 1512 πληθυντικῶν
1086 1461 1232 1514 ἔχραον
1255 1461 1318 1501 καὶ
1346 1462 1446 1513 μετὰ
1468 1463 1537 1512 τῆς
1560 1461 1628 1502 ἐπί
1658 1458 1801 1513 προθέ-

196 1549 245 1574 20
265 1550 366 1575 σεως
388 1536 409 1554 “
425 1532 625 1586 ἐπέχραον
636 1531 659 1546 ”

322 1610 421 1656 359.
457 1599 600 1657 ἰδρείῃ]
625 1600 808 1655 ἐμπειρίᾳ
984 1598 1081 1653 364.
1117 1595 1347 1655 Ὀλύμπου]
1370 1601 1442 1639 τοῦ
1466 1599 1578 1651 ὅρους

323 1671 420 1726 365.
454 1668 631 1726 αἰθέρος]
655 1673 723 1710 τοῦ
750 1671 922 1721 καθαροῦ
944 1667 1059 1721 ἀέρος

322 1749 421 1794 372.
456 1736 681 1795 σφεδανόν]
705 1739 908 1780 σπεδοινόν
1087 1744 1186 1791 375.
1219 1734 1429 1793 τανύοντο]
1457 1736 1620 1788 ἔτρεχον

324 1821 422 1863 392.
456 1809 520 1849 ἐπὶ
564 1805 654 1864 κάρ]
695 1808 716 1847 ὅ
759 1809 869 1848 ἐστιν
905 1806 970 1847 ἐπὶ
1005 1804 1202 1858 κεφαλήν·
1237 1804 1468 1858 κάρην<ον>
1503 1804 1579 1858 γάρ
1612 1805 1699 1844 ἐστι
1737 1804 1802 1844 καὶ

198 1890 245 1929 25
268 1879 367 1919 κατὰ
389 1877 599 1928 ἀποκοπὴν
621 1876 718 1929 κάρη
743 1877 807 1916 καὶ
830 1876 1012 1931 ἀποκοπῇ
1035 1873 1160 1915 πάλιν
1181 1878 1250 1914 τοῦ
1270 1881 1293 1924 ῆ
1317 1879 1343 1897 “
1363 1873 1433 1926 κάρ
1446 1874 1467 1889 ”
1491 1873 1578 1916 Α-ἱ-

325 1955 423 1999 405.
454 1946 634 1999 γναθμὸν
656 1941 878 1999 δεξιτερόν]
903 1943 974 1995 τὴν
997 1942 1132 1994 δεξιὰν
1156 1943 1327 1996 σιαγόνα

585 2014 594 2028 ‚
624 2014 639 2029 ‚a
667 2014 678 2028 ›
708 2015 718 2029 ³

324 2096 419 2134 412.
454 2080 618 2140 ἄνδιχα]
644 2086 766 2136 διχῶς
944 2080 1114 2134 κεάσθη]
1138 2079 1317 2131 ἐκλάσθη

325 2165 422 2203 422.
458 2152 592 2207 (πόσε
623 2151 793 2205 φεύγετε
825 2153 924 2198 νῦν;
959 2150 1047 2190 θοοί
1078 2145 1223 2205 ἐστε>]
1247 2147 1270 2199 ἢ
1294 2149 1393 2189 οὕτω
1417 2153 1440 2171 “
1458 2152 1526 2190 νῦν
1558 2147 1648 2188 θοοί
1676 2145 1801 2188 ἐστε”

200 2238 249 2273 30
269 2220 356 2272 ἤτοι
379 2224 516 2275 ταχεῖς
539 2222 595 2264 εἷς
616 2220 661 2261 τὸ
683 2220 849 2273 φεύγειν

325 2299 420 2344 437.
455 2288 568 2346 θείω]
593 2288 822 2341 κατάθωμαι

326 2358 424 2412 456.
457 2355 724 2413 ταρχύσουσι]
754 2358 832 2398 ἀπὸ
855 2359 922 2397 τοῦ
944 2356 1107 2409 τάριχος
1128 2355 1314 2408 γίνεσθαι
1336 2355 1379 2396 ἐν
1400 2355 1637 2405 τεθνηκόσιν

329 2424 582 2482 κασίγνητοι]
606 2428 643 2467 οἱ
675 2429 895 2479 συγγενεῖς·
933 2424 1011 2465 ἀπὸ
1028 2427 1104 2478 γὰρ
1129 2424 1253 2478 <τῆς>
1281 2424 1456 2476 ἱστορίας
1485 2422 1663 2476 ἀδελφὸς
1685 2422 1803 2463 αὐτοῦ

271 2495 345 2550 οὐχ
368 2496 593 2548 εὑρίσκεται

201 2579 250 2617 35
328 2573 427 2617 459.
459 2560 630 2618 ψιάδας]
653 2563 814 2616 ῥανίδας
835 2560 986 2604 λεπτάς

329 2632 428 2683 468,
461 2631 633 2686 ἔβραχε]
655 2630 786 2686 ᾔχησε
962 2628 1136 2688 ἀίσθων]
1161 2629 1372 2672 ἀποπνέων
1393 2629 1480 2673 A÷

331 2711 429 2753 470.
463 2701 571 2753 κρίκε
593 2701 635 2741 δὲ
659 2697 774 2756 ζυγά]
797 2698 952 2753 ἤχησεν
975 2700 995 2739 ὁ
1019 2700 1133 2752 ζυγός
1153 2699 1244 2738 A=

329 2779 428 2823 542.
460 2766 608 2825 εἴρυτο]
633 2768 765 2821 ἐρύετο
941 2776 1037 2820 545.
1070 2767 1332 2821 ἀεικίσσωσι]
1351 2767 1579 2820 ὑβρίσωσιν

323 2924 371 2957 19.
397 2914 522 2956 ἔχρασα
538 2913 576 2945 τὸ
602 2918 614 2953 ΙΙ
644 2923 694 2954 23.
720 2912 877 2945 σπεδανόν
893 2913 1007 2954 scripsi
1023 2924 1062 2943 ex
1080 2912 1134 2945 Et.
1153 2913 1224 2944 M.:
1251 2911 1425 2943 σπευδανόν
1444 2915 1456 2949 ΙΙ
1483 2920 1533 2950 32.
1549 2909 1688 2951 τάρυχος
1712 2913 1723 2948 ΙΙ
1752 2918 1802 2950 33.

274 2958 414 2999 ἱστορίας
430 2959 582 2999 suppleto
598 2957 696 3000 (τῆς)
715 2958 778 2990 W:
804 2958 860 2996 ἱπγ
876 2957 941 2997 legi
