1939 3227
665 109 893 147 ΙΛΙΑΔΟΣ
927 110 979 146 H.
1012 105 1097 162 (7)
1560 106 1643 146 517

170 231 267 273 321.
300 217 466 276 ἕποντα]
493 219 693 267 διέποντα,
715 219 1031 270 ἐπιμελούμενον

170 299 269 340 329.
302 286 432 345 δέδηε]
457 287 705 330 διακέκαυται

170 357 266 410 336.
299 356 389 410 ἄχει
412 354 732 413 προτραπέσθαι]
757 360 801 396 τὸ
823 356 923 410 ἄχος
945 355 1309 409 παραμυθήσασθαι

170 438 266 480 339.
311 423 656 482 <ἐπαμείβεται>]
701 424 750 476 ἐξ
787 426 960 477 ἀμοιβῆς
1000 425 1274 478 παραγίνεται,
1317 423 1499 476 ἐναλλὰξ
1546 429 1644 478 πρὸς

112 494 242 535 ἄλλον
265 495 329 535 καὶ
351 495 480 536 ἄλλον
500 498 625 548 χωρεῖ
644 508 724 534 ree.
901 492 1066 550 ἄνδρας]
1091 494 1292 546 ἀνδρείους
1664 510 1685 546 5

170 572 267 615 344.
301 558 413 617 δᾶερ]
439 562 580 614 ἀνδρὸς
602 560 758 614 ἀδελφέ

299 628 565 686 ὀκρυοέσσης]
599 632 719 681 κακῆς
747 629 1014 682 ταλαιπώρου.
1051 629 1089 682 ᾧ.
1112 626 1136 680 ἢ
1163 628 1353 682 τραχείας
1382 629 1446 669 καὶ
1477 630 1646 681 φρικτῆς

110 695 204 737 add.
230 711 307 738 ree.

170 768 266 822 346.
298 766 578 824 προφέρουσα]
606 769 772 822 ἄγουσα.
817 769 849 822 ᾗ.
874 768 1006 820 πόρρω
1029 766 1212 819 φέρουσα
1238 765 1332 806 add.
1356 780 1433 807 rec.

169 845 267 891 352.
302 834 485 893 ἔμπεδοι]
511 838 728 890 ἀσφαλεῖς,
751 836 921 889 βέβαιοι
1087 836 1186 890 358.
1220 833 1413 892 ἀοίδιμοι]
1439 836 1506 877 ἐπὶ
1530 836 1646 891 κακίᾳ
1670 856 1715 881 10

170 907 265 959 367.
295 904 540 962 ὑπότροπος]
566 905 613 957 ἐξ
630 907 891 959 ὑποστροφῆς
914 906 1171 956 ἀνεληλυθώς

170 976 268 1029 376.
303 976 336 1016 εἷ
358 974 390 1016 δ’
413 973 505 1032 ἄγε]
530 975 603 1028 ἄγε
627 974 673 1026 δή
696 989 773 1015 ree.

171 1041 266 1097 378.
300 1041 530 1100 εἰνατέρων]
555 1044 698 1096 ἀνδρὸς
719 1042 923 1095 ἀδελφῶν·
965 1043 1110 1093 ὁμοίως
1142 1044 1185 1083 δὲ
1218 1043 1281 1084 καὶ
1312 1043 1455 1095 ἀνδρὸς
1485 1042 1646 1095 ἀδελφὴ

110 1107 246 1162 γάλως
266 1108 427 1162 λέγεται

171 1175 264 1231 381.
299 1175 463 1235 ὀτρηρή]
489 1177 693 1231 δραστική,
716 1177 922 1231 συνεργός,
945 1176 1163 1229 προστάτις
1184 1191 1262 1218 rec.
1671 1201 1717 1240 15

169 1245 265 1300 389.
298 1244 397 1303 ἅμα]
422 1247 517 1303 αὐτῇ
541 1248 587 1302 τῇ
608 1245 865 1302 Ἀνδρομάχῃ
1061 1243 1220 1303 τιθήνη]
1245 1244 1266 1296 ἡ
1290 1246 1439 1299 τροφός

171 1315 268 1369 396.
299 1313 505 1372 ὑληέσσῃ]
531 1316 723 1370 συμφύτῳ
746 1315 854 1370 τόπῳ

170 1395 268 1434 400.
303 1381 473 1440 κόλπον]
497 1383 584 1435 ἤτοι
607 1385 679 1436 τὴν
700 1383 884 1437 ἀγκάλην
907 1387 989 1428 A÷

169 1462 267 1505 407.
301 1451 500 1510 δαιμόνιε]
522 1453 691 1506 μακάριε
711 1451 735 1504 ἢ
757 1456 916 1506 γενναῖε
940 1466 1016 1493 ree.

173 1519 334 1578 φθίσει]
359 1525 570 1574 διαφθερεῖ
591 1536 668 1564 rec,
1671 1537 1720 1563 20

170 1601 268 1640 412.
302 1588 514 1647 θαλπωρή]
541 1590 659 1645 χαρά,
684 1589 819 1642 ἡδονή,
847 1591 1076 1642 παραμυθία

170 1667 269 1711 417.
302 1658 526 1716 ἐξενάριξε]
555 1660 779 1701 ἐσκύλευσε
803 1662 887 1699 A:
1073 1670 1169 1712 419.
1203 1656 1331 1714 σῆμα]
1357 1657 1488 1711 τάφον
1511 1660 1597 1698 A=

169 1741 268 1783 433.
302 1725 472 1785 ἐρινεόν]
502 1729 573 1780 τὴν
595 1729 738 1782 ἀγρίαν
760 1730 886 1779 συκῆν

169 1809 267 1851 434.
303 1796 512 1850 (ἀμβατός
544 1798 631 1838 ἔστι
663 1798 784 1839 πόλις
816 1797 880 1838 καὶ
913 1797 1129 1879 ἐπίδρομαν
1160 1796 1308 1837 ἔπλετο
1340 1793 1569 1852 τεῖχος>]’
1552 1795 1647 1838 ανά-

112 1870 241 1916 βασιν
278 1866 364 1919 ἔχει
398 1866 421 1917 ἡ
460 1866 549 1908 ὁδὸς
584 1866 607 1917 ἡ
646 1870 722 1919 πρὸ
759 1869 838 1906 τῶν
877 1869 1024 1919 τειχῶν
1065 1865 1194 1906 αὐτῶν
1235 1864 1349 1914 οὐσα,
1390 1866 1434 1905 ἐν
1474 1863 1497 1916 ᾗ
1537 1865 1650 1906 ἔστιν
1673 1878 1720 1917 25

113 1935 344 1986 ἐπιδραμεῖν
365 1934 462 1987 πρὸς
489 1935 532 1974 τὸ
554 1938 687 1988 τεῖχος

171 2004 269 2053 462.
303 2000 408 2059 νέον]
433 2004 576 2056 νεαρόν
751 2013 848 2056 511.
883 2003 899 2043 ἓ
923 1999 1066 2058 γοῦνα]
1091 2005 1232 2043 ἑαυτοῦ
1253 2002 1406 2055 γόνατα

173 2081 272 2126 513.
303 2069 500 2128 ἠλέκτωρ]
525 2073 638 2122 ἥλιος
657 2074 899 2121 ἐπιθετικῶς,
915 2072 974 2112 ὅτι
997 2071 1211 2123 ἀλέκτρους
1232 2071 1334 2121 ἡμᾶς
1356 2073 1464 2112 ποιεῖ
1485 2071 1649 2112 ἀνιστα-

113 2140 256 2192 μένους
280 2142 322 2182 ἐκ
345 2143 414 2191 τῆς
442 2143 586 2191 κοίτης·
621 2138 644 2191 ἢ
668 2141 728 2181 ὅτι
751 2142 945 2192 λαμπρός,
968 2141 1074 2191 παρὰ
1096 2139 1140 2179 τὸ
1162 2139 1358 2192 ἤλεκτρον

173 2218 270 2261 515.
304 2207 408 2265 εὖτε]
434 2210 553 2250 ὁπότε
730 2209 827 2262 518.
865 2206 1081 2265 κατερύκω]
1105 2207 1261 2262 κατέχω
1672 2224 1721 2260 30

855 2421 905 2458 11.

180 2521 213 2548 Ι.
248 2506 424 2565 πυλέων]
448 2512 526 2550 τῶν
552 2512 689 2550 πυλῶν
716 2512 797 2548 B=
980 2505 1187 2565 φαίδιμος]
1213 2510 1234 2549 ὁ
1255 2509 1437 2561 λαμπρός

175 2577 243 2631 36.
278 2581 360 2619 πῶς
381 2575 575 2633 μέμονας]
600 2578 678 2618 τίνι
699 2579 831 2633 τρόπῳ
853 2578 1062 2633 διαλογίζῃ

175 2647 242 2698 56.
278 2646 536 2699 ἱδρύνθησαν]
559 2646 792 2697 ἐπαύθησαν
813 2650 882 2687 τοῦ
904 2650 1096 2698 πολεμεῖν

177 2716 243 2769 63.
277 2713 463 2770 ἐχεύατο]
489 2715 610 2769 ἐχύθη
1670 2726 1718 2766 35

179 2785 244 2837 96.
278 2781 559 2839 ἀπειλητῆρες]
586 2783 778 2837 καυχηταὶ
801 2785 983 2825 ἀπειλεῖν
1004 2784 1126 2834 μόνον
1150 2782 1299 2824 εἰδότες
1323 2786 1356 2822 Α
1371 2791 1405 2826 4-

178 2863 245 2905 97.
279 2853 438 2893 αἰνόθεν
456 2849 593 2907 αἰνῶς]
614 2853 655 2892 ἐκ
674 2853 831 2905 <δεινοΰ
849 2853 1029 2905 δεινῶς>·
1054 2856 1131 2892 τῶν
1148 2855 1288 2893 δεινῶν
1305 2852 1507 2903 δεινότερα
1524 2854 1592 2891 ΑΒ
1605 2862 1640 2898 4-

168 2947 216 2968 11.
242 2936 444 2976 ἀνεληλύτως
477 2939 489 2974 ll
522 2946 568 2976 15.
594 2935 761 2976 δραστικὸς
795 2940 806 2974 ΙΙ
843 2947 892 2977 25.
917 2937 950 2967 ἐν
973 2933 998 2976 ᾦ
1027 2940 1038 2974 ΙΙ
1070 2946 1119 2975 32.
1146 2935 1208 2966 τῶν
1233 2935 1357 2967 πυλέων
1389 2940 1401 2975 ΙΙ
1434 2935 1574 2977 λαμπρὸς
1599 2937 1649 2969 D:

122 2980 351 3019 διπλασιασμός
377 2984 388 3017 Η
416 2979 466 3019 36.
493 2979 651 3020 καυχηταὶ
669 2983 711 3010 Α;
736 2979 916 3020 καυχησταὶ
942 2984 953 3016 Η
981 2988 1030 3020 37.
1056 2980 1206 3020 supplevi
1224 2991 1261 3010 ex
1280 2980 1311 3010 D
