1939 3227
288 124 373 164 526
826 126 1050 165 ΙΛΙΑΔΟΣ
1087 127 1130 165 K.
1163 124 1178 181 (
1200 127 1251 165 10
1270 124 1283 179 )

349 247 445 290 207.
478 237 624 292 φῆμιν]
648 236 846 291 γράφεται
878 238 942 279 καὶ
963 243 986 260 “
1002 240 1130 291 φῆμιν
1145 237 1166 253 ”
1190 239 1255 279 καὶ
1279 241 1305 261 “
1320 236 1501 290 φήμην“”
1527 237 1590 278 καὶ
1612 235 1724 290 φήμη
1746 236 1818 288 μέν

291 307 403 348 ἐστιν
433 307 454 346 ὁ
481 309 586 348 θεῖος
614 307 750 359 λόγος,
775 309 900 359 φῆμις
929 308 972 348 δὲ
996 309 1016 348 ὁ
1038 307 1127 360 παρ’
1151 307 1245 359 ἡμῖν
1265 307 1485 360 λεγόμενος
1507 306 1643 359 λόγος.
1675 305 1719 346 ὃν
1743 305 1820 357 ἄρα

289 374 585 428 ἐπιφημίξομεν
608 375 670 416 καὶ
691 375 929 428 λαλήσομεν

350 455 446 485 212.
479 441 678 500 ἀσκηθής]
703 444 896 496 ἀβλαβής
918 448 1000 489 Α-ὶ-

247 525 269 562 5
351 513 444 553 216.
477 513 524 569 τῇ
553 513 627 564 μὲν
657 512 792 566 κτέρας
820 514 934 555 οὐδὲν
957 511 1115 570 ὅμοιον]
1150 512 1172 565 ᾗ
1204 514 1319 555 οὐδὲν
1341 515 1468 564 κτῆμα
1496 513 1636 564 ὅμοιον
1656 512 1721 552 διὰ
1749 510 1821 562 τὴν

289 581 435 635 πρᾶξιν

480 655 610 694 καλῶς
634 652 679 692 τὸ
703 657 724 674 “
742 650 1002 704 ὑπόρρηνον,”
1026 652 1092 693 ἵνα
1114 651 1178 692 καὶ
1200 651 1273 702 τὴν
1294 652 1461 703 πορείαν
1484 650 1683 704 ἔγκαρπον
1705 647 1819 699 ποιή-

291 736 441 761 σωνται
463 724 498 760 Α
511 730 545 765 -Ι-

350 800 448 843 223.
482 786 694 845 θαλπωρή]
717 788 839 840 ἡδονή
862 791 946 833 Α-Ι-

224 875 270 899 10
351 858 446 899 226.
477 856 693 911 βράσσων]
719 858 984 912 βραχύτερος,
1003 857 1207 907 ἐλάσσων,
1222 855 1246 909 ἢ
1264 857 1568 909 ταρασσόμενος
1590 855 1653 897 καὶ
1676 856 1821 896 ἀκατα-

291 930 448 969 στατῶν
467 930 745 979 μεταφορικῶς
766 930 800 967 Α
813 937 849 972 4-

475 995 623 1049 λεπτή]
647 996 819 1048 ἀσθενής
937 995 1033 1051 238.
1065 993 1289 1052 ὀπάσσεαι]
1314 994 1526 1051 προλάβῃς

348 1074 444 1118 251.
475 1065 630 1119 ἄνεται]
657 1065 815 1107 ἀνύεται
838 1069 921 1111 Α-Ι-

349 1142 446 1185 252.
479 1133 733 1188 προβέβηκε]
756 1135 1060 1188 προκεχώρηκεν
1083 1135 1138 1177 εἷς
1159 1134 1274 1176 δύσιν

224 1221 269 1255 15
349 1203 444 1254 258.
475 1200 681 1260 ταυρείην]
706 1204 943 1255 δερματίνην
965 1207 1049 1243 A=

477 1269 750 1327 ἄλ<λ>οφον]
772 1272 824 1323 μὴ
849 1272 1023 1325 ἔχουσαν
1044 1272 1385 1325 προμετώπ<ι>ον
1411 1275 1444 1311 Α
1459 1281 1492 1315 -Ι-

478 1336 685 1395 καταῖτυξ]
710 1338 841 1380 πάντα
861 1342 910 1380 τὰ
932 1341 989 1382 εἰς
1013 1331 1116 1393 (gg)
1143 1341 1417 1382 συστέλλουσι
1443 1341 1487 1381 τὸ
1508 1340 1531 1380 ὗ
1556 1343 1637 1384 Α-Ι-

349 1408 445 1460 265.
478 1410 598 1450 πῖλος
620 1405 774 1465 ἀρήρει]
799 1408 844 1449 τὸ
866 1408 1141 1461 πεπιλημένον
1163 1411 1269 1463 ἔριον
1293 1409 1465 1452 ἐνέκειτο
1489 1412 1572 1449 A—

350 1477 446 1528 267.
478 1475 660 1530 ἐξέλετο]
683 1477 876 1529 ἀφείλετο

221 1567 269 1591 20
349 1554 445 1598 277.
478 1545 616 1599 ὄρνιθά
650 1551 755 1598 φασι
790 1546 854 1587 καὶ
887 1546 959 1588 τὸν
991 1548 1113 1599 ὄρνιν,
1145 1546 1249 1599 φασὶ
1290 1549 1335 1589 δὲ
1371 1546 1434 1588 καὶ
1470 1546 1515 1587 τὸ
1552 1547 1719 1597 σημεῖον
1754 1547 1822 1584 τοῦ

287 1613 522 1665 μέλλοντος.
564 1616 640 1656 ὧδε
659 1618 758 1668 γοῦν
778 1615 824 1656 τὸ
847 1619 1014 1667 σημεῖον
1035 1620 1103 1656 τοῦ
1123 1616 1346 1669 μέλλοντος
1368 1617 1550 1669 ὀφείλεις
1572 1617 1679 1656 νοεῖν

348 1684 400 1725 28
404 1691 445 1735 5.
477 1680 617 1740 σπεῖο]
640 1684 749 1733 ἕπου,
771 1685 1127 1736 συνακολούθησον
1146 1684 1239 1725 A—

348 1752 445 1794 286.
480 1752 556 1804 πρὸ
576 1750 774 1808 Ἀχαιῶν]
798 1753 873 1806 πρὸ
894 1757 972 1795 τῶν
991 1758 1148 1795 λοιπῶν
1167 1753 1382 1805 Ἑλλήνων

349 1833 445 1874 292.
476 1819 583 1873 ἦνιν]
607 1821 869 1863 ἐνιαυσιαίαν·
902 1823 989 1865 ἔτος
1010 1822 1086 1876 γὰρ
1108 1823 1128 1862 ὁ
1151 1823 1330 1865 ἐνιαυτός
1356 1826 1440 1863 A—

220 1911 268 1947 25
346 1890 442 1944 306.
475 1890 516 1930 οἵ
536 1906 604 1931 κεν
624 1888 885 1947 ἁριστεύωσι]
908 1890 1173 1942 “Ελληνικοὺς
1190 1894 1376 1942 δηλονότι

347 1967 444 2012 317.
476 1955 640 2013 μοῦνος]
663 1958 880 2012 τηλύγετος
1056 1972 1152 2014 324.
1185 1958 1317 2017 ἅλιος]
1340 1961 1507 2012 μάταιος

347 2034 445 2080 325.
478 2025 629 2083 τόφρα]
653 2027 726 2070 ἕως
751 2027 948 2081 <τούτου>
1128 2026 1360 2086 διαμπερές]
1383 2029 1497 2083 μέχρι
1520 2029 1660 2073 τέλους

348 2103 446 2149 335.
481 2097 639 2146 κτιδέην
661 2093 821 2153 κυνέην]
845 2097 918 2148 τὴν
940 2095 987 2147 ἐξ
1007 2098 1153 2140 ἷκτίδος
1185 2097 1373 2151 δέρματος
1401 2098 1681 2151 πεποιημένην.
1725 2098 1822 2141 ἶκτὶς

289 2163 332 2204 δὲ
366 2164 466 2218 ζῷον
496 2164 767 2218 ὀρνιθοφάγον
799 2164 863 2206 καὶ
893 2169 1132 2219 πανοῦργον,
1163 2167 1299 2218 μεῖζον
1328 2169 1402 2219 μὲν
1433 2169 1574 2221 γαλῆς,
1610 2167 1821 2220 παραπλή-

221 2260 271 2293 30
291 2248 382 2273 σιον
403 2234 446 2274 δὲ
468 2234 532 2273 καὶ
554 2233 774 2286 δασύτερον
795 2237 829 2273 Α
844 2244 878 2278 -1-

349 2309 446 2354 350.
471 2299 737 2358 ἀφραδίῃσιν]
762 2303 915 2345 ἀνοίαις
929 2306 1014 2343 A:
1137 2314 1234 2357 351.
1259 2304 1369 2358 οὖρα]
1394 2305 1495 2356 ὅρια,
1511 2303 1815 2357 ὁρμήματαΑΞ

350 2378 448 2423 357.
483 2368 734 2426 δουρηνεκές]
759 2371 923 2423 δόρατος
942 2371 1088 2422 βολήν,
1109 2373 1273 2421 δόρατος
1293 2375 1416 2423 μῆκος
1437 2376 1522 2412 A:

349 2438 447 2492 361.
480 2435 651 2494 κεμάὸα]
675 2439 852 2492 νεογνόν,
875 2439 1013 2481 τέκνον
1035 2439 1191 2492 ἐλάφου
1309 2441 1536 2495 ἐπείγετον]
1553 2442 1765 2484 διώκουσιν

350 2507 447 2560 362.
477 2504 681 2562 μεμηκώς]
704 2508 800 2547 ποιὰ
821 2507 935 2560 φωνὴ
958 2512 1036 2550 τῶν
1056 2510 1226 2562 λαγώων
1247 2509 1497 2561 διωκομένων

223 2604 271 2641 35
351 2574 448 2629 364.
479 2572 599 2632 λαοῦ]
623 2579 692 2616 τοῦ
713 2578 893 2628 Τρωικοῦ
1069 2576 1366 2635 ἀποτμήξαντε]
1389 2581 1616 2633 χωρίσαντε

351 2643 447 2698 365.
479 2641 758 2700 φυλάκεσσιν]
782 2648 865 2687 τοῖς
886 2645 992 2698 παρὰ
1013 2649 1095 2689 τοῖς
1111 2646 1317 2698 ’Ἐλλησιν

349 2712 444 2766 368.
479 2711 766 2769 ἐπευξάμενος]
797 2713 1162 2767 <κ>αυχησάμενος

350 2790 447 2835 373.
480 2782 578 2833 ὑπὲρ
601 2779 727 2838 ὦμον]
753 2785 969 2824 διελθοῦσα
1106 2792 1201 2837 375.
1234 2782 1497 2841 βαμβαίνων]
1521 2785 1673 2837 τρέμων
1695 2789 1811 2830 AB÷

338 2900 367 2931 5.
385 2890 421 2930 ἧς
437 2891 531 2924 οὐδὲν
549 2896 561 2931 Η
585 2902 632 2924 10.
646 2892 836 2934 βραδύτερος
852 2895 935 2926 utA
954 2897 965 2932 ΙΙ
988 2902 1038 2935 17.
1055 2896 1206 2936 supplevi
1224 2907 1264 2927 ex
1279 2897 1313 2927 A
1333 2899 1344 2934 ΙΙ
1365 2905 1414 2929 20.
1432 2897 1566 2937 σημεῖον
1581 2908 1648 2928 non
1663 2901 1789 2929 certum
1808 2900 1821 2936 ΙΙ

296 2942 345 3013 ῇ7.
359 2936 515 3017 7supplevli
537 2947 575 2986 eux
593 2937 727 3011 Dzuxm’
745 2946 795 2977 30.
812 2936 1034 2977 παραπλήσιον
1049 2939 1082 2969 Α
1096 2950 1103 2971 ;
1129 2938 1211 2979 παρὰ
1226 2940 1344 2978 πλῆθος
1363 2943 1374 2977 11
1395 2949 1445 2979 33.
1462 2940 1595 2980 νευ-γνὸν
1611 2951 1677 2972 non
1693 2944 1821 2972 eertum

336 2987 352 3016 3
380 3002 385 3007 .
412 2990 493 3020 supp
509 2990 560 3010 ενι
578 2990 617 3010 ex
