1939 3227
675 116 900 154 ΙΛιΑΔοΣ
933 118 962 155 1.
995 113 1086 170 (9)
1559 117 1640 155 521

165 237 263 281 520.
299 227 536 282 <θηλύτεραι
556 228 599 269 δὲ
613 225 849 283 γυναῖκες>]
874 229 914 268 αἱ
933 231 1030 280 πρὸς
1048 229 1096 268 τὰ
1118 228 1339 280 ἀφροδίσια
1361 229 1639 281 καταφορώτε-

108 315 172 349 ραι
191 297 242 340 ὡς
264 298 361 350 πρὸς
383 298 594 351 σύγκρισιν
609 300 687 338 τῶν
701 296 860 349 ἀλόγων
876 296 998 351 ζῴων·
1030 298 1079 337 τὰ
1100 298 1174 348 μὲν
1193 296 1269 350 γὰρ
1286 296 1396 338 ἄλλα
1417 297 1640 348 ὡρισμένον

110 366 251 419 ἔχουσι
274 370 409 418 καιρὸν
430 368 472 408 ἐν
495 364 524 421 ᾠ
545 366 767 419 μίγνυνται,
785 365 900 406 αὗται
922 367 964 406 δὲ
986 365 1195 417 διηνεκέως
1216 365 1513 416 πλησιάζουσιν]
1534 369 1621 406 A=

167 444 264 487 524,
286 443 324 486 5.
357 436 377 475 6
408 439 499 477 νοῦς
529 438 719 477 τοιοῦτος·
762 435 852 487 περὶ
887 435 960 485 μὲν
991 438 1070 476 τῶν
1105 437 1174 476 νῦν
1206 434 1270 475 καὶ
1307 434 1482 488 σήμερόν
1514 452 1583 486 μοι
1620 436 1641 475 ὁ

107 504 231 557 λόγος
254 503 563 545 συντετέλεσται
586 502 649 545 καὶ
671 503 784 545 οὐδὲν
805 502 1138 556 παραλέλειπται,
1158 504 1248 555 περὶ
1271 506 1314 544 δὲ
1335 507 1414 544 τῶν
1432 505 1487 546 εἰς
1505 503 1641 556 αὔριον
1665 524 1687 562 5

108 572 184 613 ὑπὸ
206 572 277 624 τὴν
299 575 350 613 ἕω
371 572 534 624 μηνύσω
554 572 645 612 A=
776 582 874 626 527.
907 569 1299 628 κηρεσσιφορήτους]
1323 571 1640 625 μοιροφορήτους

168 641 266 693 528.
299 637 433 698 κῆρες]
468 642 582 682 κακαὶ
603 644 737 694 μοῖραι
915 649 1013 695 535.
1045 638 1286 697 διαείσεται]
1311 642 1579 694 διαγνώσεται

168 709 266 764 563.
296 708 562 766 πεντήκοντα]
588 710 727 763 ἄνδρες

167 779 264 832 564.
298 777 574 835 ἐρεπτόμενοι]
599 781 642 820 ἐκ
664 782 733 831 τῆς
755 779 858 832 ἕρας,
881 780 902 819 ὅ
925 779 1013 820 ἐστι
1035 781 1103 830 τῆς
1124 781 1197 833 γῆς
1218 779 1513 831 ἀνασπωμένης

864 915 894 952 I.
1671 933 1719 957 10

169 997 206 1037 7.
239 983 466 1042 κορθύεται]
515 989 755 1038 κορυφοῦται
795 984 819 1036 ἢ
863 987 1090 1039 σωρεύεται·
1144 989 1285 1040 κόρθυς
1327 989 1403 1041 γὰρ
1448 989 1470 1029 ὁ
1515 988 1644 1040 σωρὸς

110 1058 291 1096 καλεῖται
313 1058 398 1095 Α-

241 1122 386 1180 φῦκος]
404 1124 552 1178 χόρτον
729 1135 798 1178 30.
830 1124 1047 1178 τετιηότες]
1067 1125 1312 1177 λυπούμενοι
1335 1129 1420 1166 A=

168 1207 236 1248 34.
268 1194 476 1245 ἀναφορὰν
494 1193 579 1246 ἔχει
601 1196 724 1234 ταῦτα
746 1190 832 1237 [ἐπὶ
852 1194 920 1246 τὰ]
941 1192 1114 1246 ῥηθέντα
1135 1195 1242 1246 παρὰ
1263 1193 1646 1248 τοῦἈγαμέμνονος

110 1263 154 1303 ἐν
175 1263 220 1318 τῇ
245 1261 278 1303 δ’
298 1263 486 1316 ῥαψωδίᾳ
507 1259 624 1318 (370,
644 1260 683 1317 Ι)
706 1262 765 1302 (ίῶ
793 1278 873 1313 μοι,
893 1261 1043 1304 Τυδέος
1064 1263 1126 1303 υἱὲ
1148 1264 1365 1316 δαίφρονος
1388 1263 1644 1317 ἱπποδάμοιο,
1673 1285 1718 1322 15

109 1331 149 1372 τί
170 1330 378 1382 πτήσσεις,
400 1333 440 1372 τί
460 1330 491 1372 δ’
516 1330 719 1374 ὀπιπεύεις
744 1330 940 1382 πολέμοιο
962 1331 1140 1384 γεφύρας
1158 1329 1196 1379 ;'’
1221 1335 1255 1372 A
1269 1342 1304 1376 -1-

169 1399 237 1452 56.
270 1397 414 1457 πάλιν]
437 1402 486 1440 τὰ
503 1401 664 1442 ἐναντία
686 1417 753 1441 σοι
862 1400 907 1441 οὐ
929 1398 1045 1442 τέλος
1067 1401 1151 1441 ἵκεο
1171 1398 1325 1457 μύθων]
1345 1401 1541 1452 ἐπέθηκας
1555 1406 1641 1444 A=

271 1469 316 1510 οὐ
344 1471 461 1512 τέλος
486 1470 570 1511 ἵκεο
594 1466 746 1525 μύθων]
777 1470 826 1509 τὰ
852 1470 926 1520 μὲν
953 1470 1030 1522 γὰρ
1054 1469 1151 1521 πρὸς
1180 1469 1249 1510 τὸν
1270 1470 1453 1522 βασιλέα
1474 1473 1644 1515 δεόντως

112 1540 281 1591 εἴρηκας,
304 1540 353 1579 τὰ
374 1540 416 1579 δὲ
439 1541 507 1589 τῆς
530 1539 765 1590 συμβουλῆς
788 1538 851 1578 καὶ
875 1539 1058 1589 φυλακῆς
1081 1538 1298 1591 ἐνέλειψας
1319 1542 1402 1584 Α-ῐ-

171 1608 237 1662 63.
269 1604 538 1664 ἀφρήτωρ-]
561 1605 584 1658 ἢ
609 1607 706 1659 πρὸς
727 1606 795 1648 τὸν
815 1606 1017 1661 Ἀχιλλέα
1038 1605 1061 1658 ἢ
1084 1611 1183 1660 πρὸς
1204 1607 1273 1648 τὸν
1297 1606 1577 1662 Ἀγαμέμνονα
1673 1631 1721 1655 20

272 1677 469 1729 φρατρίαν
492 1675 555 1718 καὶ
577 1675 815 1730 συγγένειαν
835 1676 888 1727 μὴ
913 1676 1029 1729 ἔχων.
1078 1678 1252 1729 φρατρία
1273 1676 1318 1719 δέ
1340 1679 1428 1720 ἐστι
1449 1679 1494 1720 τὸ
1516 1680 1649 1732 τρίτον

110 1745 229 1799 μέρος
252 1749 384 1799 φυλῆς
400 1745 491 1785 A:

176 1828 267 1858 100.
299 1813 477 1871 φάσθαι]
500 1815 771 1866 βουλεύεσθαι

176 1896 269 1926 102.
303 1884 374 1925 σέο
397 1885 428 1925 δ’
452 1882 603 1940 ἕξεται]
627 1883 715 1935 ἤτοι
743 1885 785 1925 ἐν
811 1885 857 1940 τῇ
881 1886 932 1940 σῇ
957 1883 1122 1939 ἐξουσίᾳ
1144 1885 1263 1939 ἔργον
1284 1889 1399 1927 τοῦτο
1421 1885 1650 1938 δοκιμάσαι,

112 1953 199 2004 ἤτοι
213 1957 258 1994 τὸ
272 1957 350 1994 τῶν
362 1955 497 2004 λόγων
511 1955 745 2005 κατόρθωμα
763 1953 835 1994 σὸν
850 1954 976 1994 ἔσται·
999 1955 1055 1996 εἷς
1069 1955 1116 1993 σὲ
1133 1953 1209 2006 γὰρ
1227 1954 1545 2008 ἀνενεχθήσεται
1558 1959 1643 1996 A:
1674 1971 1721 2009 25

177 2022 269 2062 106.
303 2020 351 2072 ἐξ
369 2022 426 2063 ἔτι
448 2019 536 2079 τοῦ]
562 2021 626 2062 ἀπ’
651 2023 803 2063 ἐκείνου
825 2025 894 2062 τοῦ
915 2022 1062 2074 χρόνου
1084 2025 1169 2062 A=

303 2088 500 2147 διογενές]
524 2089 566 2131 ὦ.
609 2091 643 2145 ξ.
667 2095 689 2112 “
707 2089 944 2143 διογενεῦς”

302 2159 347 2200 τὸ
369 2162 388 2179 “
409 2158 646 2213 διογενεῦς”
668 2162 871 2209 περισπᾶν
899 2162 976 2201 δεῖ·
1010 2161 1243 2212 συναίρεσιν
1273 2162 1349 2213 γὰρ
1373 2160 1534 2212 ἔπαθεν,
1562 2162 1650 2203 ἐπεὶ

115 2227 159 2269 τὸ
182 2227 340 2270 ἐντελές
362 2230 450 2269 ἐστι
472 2227 674 2282 διογενέος

178 2309 270 2351 109.
303 2294 602 2353 ἀπεμυθεόμην]
627 2298 877 2350 ἀπηγόρευον
900 2300 933 2337 Α
948 2306 982 2341 ÷
1673 2321 1724 2357 30

179 2375 270 2418 115.
303 2364 472 2422 ψεῦδος]
496 2367 584 2407 ἀντὶ
610 2366 735 2420 (τοῦ)
760 2369 933 2418 ψευδῶς,
956 2366 1081 2417 ὄνομα
1103 2367 1191 2408 ἀντὶ
1213 2366 1478 2419 ἐπιρρήματος
1502 2370 1587 2408 A:

178 2446 267 2475 122.
301 2431 492 2490 ἀπύρους]
518 2435 827 2485 ἀναθεματικούς
850 2438 883 2474 Α
898 2444 932 2478 -1-

179 2515 272 2557 123.
306 2503 548 2545 “aZ‘vaas*”
572 2503 661 2546 τοὺς
692 2503 790 2556 πρὸς
821 2507 896 2555 πῦρ
930 2505 1178 2555 ἐπιτηδείους
1210 2503 1275 2545 καὶ
1306 2504 1551 2558 λεγομένους
1582 2508 1650 2557 ἐμ-

118 2570 341 2624 πυριβήτας
364 2574 448 2611 Α-

181 2650 270 2692 125.
305 2637 465 2696 ἀλήιος]
500 2640 648 2692 ἐνδεής,
674 2641 767 2683 ἄνευ
795 2642 920 2691 λείας,
945 2641 1116 2694 ἐλλιπὴς
1143 2641 1427 2693 βοσκημάτων·
1458 2642 1550 2683 λεία
1575 2643 1652 2695 γὰρ
1673 2657 1721 2695 35

120 2710 258 2761 κυρίως
279 2708 302 2759 ἡ
326 2712 403 2749 τῶν
424 2709 695 2761 βοσκημάτων
718 2713 856 2761 κτῆσις

182 2790 274 2832 130.
308 2775 522 2834 ἐξελόμην]
548 2778 595 2820 ὡς
621 2778 844 2831 ἐξαιρέτους
866 2779 1020 2830 ἔλαβον

308 2846 413 2898 παρὰ
445 2848 641 2898 Λεσβίοις
674 2848 781 2901 ἀγὼν
812 2847 951 2901 ἄγεται
986 2847 1159 2890 κάλλους
1189 2851 1387 2900 γυναικῶν
1418 2849 1462 2890 ἐν
1492 2848 1545 2903 τῷ
1582 2851 1652 2900 τῆς

162 2942 191 2972 4.
162 2930 298 2972 4παρὰ
314 2930 372 2969 μὲν
399 2934 410 2968 11
438 2940 467 2971 5.
493 2930 525 2962 δὲ
544 2931 602 2970 τὴν
628 2935 640 2969 Η
669 2939 696 2972 7.
721 2931 890 2963 δαιεισεται
909 2937 1021 2964 textus
1047 2936 1058 2969 ΙΙ
1090 2942 1135 2972 14.
1161 2933 1312 2975 supplevi
1335 2945 1373 2965 ex
1394 2934 1459 2965 AD
1485 2938 1498 2972 Η
1526 2933 1577 2966 26.
1594 2933 1649 2965 ἀπ’

119 2976 207 3007 AD:
234 2975 271 3005 δι’
298 2978 310 3012 ΙΙ
340 2981 386 3015 27
413 2975 471 3005 τοῦ
486 2974 711 3016 postffiomisi
738 2979 750 3014 ΙΙ
778 2985 828 3016 33.
854 2988 906 3007 και
924 2987 1058 3017 scrlp‘u
1085 2975 1104 3014 ἡ
