1939 3227
254 117 338 157 508
812 121 1039 159 ιΛΙΑΔοΣ
1074 123 1122 158 Δ.
1156 117 1212 174 (4
1226 122 1240 173 >

252 229 426 282 Ἀθηνᾶς
447 231 536 286 νικᾷ
558 234 607 272 τὰ
631 231 772 273 πάντα·
804 232 1067 286 ὑποστρέφων
1089 235 1131 274 δὲ
1153 232 1400 284 πεντήκοντα
1421 234 1579 274 νεανίας
1610 232 1786 285 ἐνεδρεύ-

254 317 370 342 οντας
392 300 511 341 αὐτὸν
534 302 758 352 συλλαβὼν
779 301 1011 344 ἀπέκτεινεν
1033 302 1119 347 A÷

311 379 408 423 379.
440 368 656 427 λίσσοντο]
681 370 770 413 τοὺς
793 372 1045 422 Μυκηναίους
1176 367 1423 426 ἐπικούρους]
1447 369 1534 420 ἤτοι
1557 371 1788 423 συμμαχίαν

311 438 407 492 384.
439 436 567 495 Τυδῆ]
591 438 678 489 ἤτοι
700 440 769 481 τὸν
789 440 920 480 Τυδέα

211 514 233 551 5
313 507 409 561 387.
442 508 532 549 οὐδὲ
555 508 683 559 ξεῖνός
706 526 779 562 περ
803 506 897 566 ἐών]
924 509 1065 559 καίπερ
1087 507 1280 559 πολέμιος
1301 506 1491 560 ὑπάρχων
1512 521 1591 547 ree.

311 589 409 631 391.
443 576 624 630 κέντορες
646 576 797 635 ἵππων]
825 580 985 619 ἱππικοί
1101 590 1197 631 394.
1232 573 1579 632 Azuovffinszibs*
1601 578 1775 628 Αἵμονος

308 658 407 696 404.
441 645 575 699 σάφα]
598 648 774 700 ἀκριβῶς

307 727 404 765 412.
440 713 575 772 τέττα]
599 716 890 768 προσφώνησις
912 715 1094 768 τιμητικὴ
1118 713 1310 767 νεωτέρου
1341 715 1465 766 φίλου
1486 713 1583 766 πρὸς
1612 714 1784 754 παλαιό-

249 800 364 836 τερον

185 865 231 889 10
307 865 406 903 421.
439 852 534 911 ὑπό]
558 854 625 907 ὑφ’
650 856 695 895 οὗ
716 854 817 909 ἤχου
840 856 907 896 καί

307 934 406 972 424.
442 921 701 981 κορύσσεται]
727 928 969 977 κορυφοῦται
991 923 1150 974 αὔξεται

306 999 404 1043 425.
438 990 578 1049 ἄκρας]
605 992 691 1043 ἤτοι
712 995 761 1033 τὰ
783 994 980 1046 ἀκρότατα

306 1073 404 1115 431.
439 1060 709 1118 σημάντορας]
733 1062 823 1105 τοὺς
845 1063 1044 1115 ἡγεμόνας

307 1136 405 1184 435.
437 1128 669 1187 μεμακυῖαι]
692 1132 933 1182 μηκώμεναι·
962 1131 1065 1183 μηκὴ
1089 1130 1163 1184 γάρ
1186 1132 1299 1172 ἐστιν
1321 1133 1444 1185 αἰγῶν
1464 1131 1544 1184 βοή
1568 1132 1656 1172 A—

182 1210 228 1248 15
305 1210 404 1252 439.
435 1199 526 1241 τοὺς
546 1199 769 1251 μέν-τοὺς
790 1197 851 1257 δέ]
876 1200 964 1243 τοὺς
984 1200 1272 1253 Τρῶας-τοὺς
1289 1199 1496 1251 ’Έλληνας

305 1280 404 1318 440.
436 1266 602 1325 ἄμοτον]
628 1270 783 1321 ἀμότως
805 1270 1059 1321 ἀπληρώτως,
1081 1269 1150 1321 ἀφ’
1174 1270 1218 1310 οὗ
1242 1270 1305 1310 καὶ
1335 1269 1436 1321 μοτά
1457 1270 1504 1310 τὰ
1527 1270 1781 1322 ἐπιτιθέμενα

247 1340 330 1379 τοῖς
352 1339 503 1380 κοίλοις
525 1338 745 1389 τραύμασιν
767 1339 906 1379 ὀθόνια
927 1338 1024 1391 πρὸς
1047 1337 1334 1390 ἀναπλήρωσιν
1355 1341 1424 1390 τῆς
1447 1339 1595 1391 σαρκός
1615 1339 1705 1379 A:

304 1419 402 1456 444.
431 1404 592 1463 μέσσῳ]
616 1405 764 1458 μεταξὺ
785 1407 934 1460 Τρώων
957 1407 1020 1448 καὶ
1040 1406 1254 1458 “Ελλήνων

303 1484 402 1527 447.
431 1475 580 1529 ῥινούς]
602 1476 769 1528 βύρσας,
792 1477 862 1518 τὰς
884 1477 1057 1518 ἀσπίδας
1185 1488 1285 1528 449·
1310 1474 1505 1533 ἔπληντο]
1530 1477 1779 1528 ἐπλησίαζον

178 1560 225 1585 20
303 1553 401 1598 457.
433 1542 693 1602 Ἀντίλοχος]
718 1546 739 1585 ὁ
759 1545 843 1588 υἱὸς
864 1548 932 1585 τοῦ
954 1544 1159 1597 Νέστορος

436 1612 546 1670 ἕλεν]
573 1616 796 1667 ἐφόνευσεν
998 1619 1081 1657 πῶς
1105 1616 1204 1657 Αἴας
1224 1613 1247 1664 ἢ
1273 1614 1475 1667 Διομήδης
1493 1616 1560 1656 οὐκ
1579 1617 1778 1668 ἀριστεύει

247 1688 421 1736 πρῶτος;
445 1686 514 1725 καί
532 1689 672 1737 φασιν,
696 1686 757 1725 ὅτι
780 1684 928 1725 Πύλιοι
954 1688 1102 1736 πρῶτοι
1124 1683 1419 1737 συνέρρηξαν,ἢ
1444 1686 1516 1734 ὅτι,
1534 1684 1620 1727 ἐπεὶ
1642 1687 1663 1726 ὁ
1683 1685 1776 1727 Ἀν-

247 1755 412 1807 τίλοχος
426 1754 595 1805 ἄλκιμός
612 1771 654 1795 τε
672 1754 736 1794 καὶ
753 1752 874 1806 ταχὺς
891 1754 1303 1807 ὑπόκειται,<εἶκότως
1322 1754 1386 1794 καὶ
1403 1754 1565 1805 φονεύει
1578 1754 1776 1807 πρῶτος).

247 1822 334 1874 ἐμοὶ
367 1824 409 1864 δὲ
447 1827 556 1864 δοκεῖ
587 1823 652 1864 ἀπ’
691 1821 921 1863 ἐλάσσονον
956 1820 1144 1879 ἧρ[χθαι]
1178 1822 1246 1864 τὸν
1277 1823 1448 1874 ποιητὴν
1479 1823 1522 1863 τὸ
1553 1826 1623 1874 τῆς
1653 1823 1776 1878 τύχης

176 1909 223 1944 25
246 1893 532 1945 αἷνισσόμενον
555 1890 737 1950 κρ[άτος]
761 1892 851 1932 A:

301 1962 399 2014 458.
432 1960 715 2019 Θαλυσιάδην]
741 1963 952 2003 Θαλυσίου
974 1965 1096 2003 παῖδα

301 2032 399 2082 464.
431 2031 661 2085 Ἀβάντων]
684 2035 762 2072 τῶν
788 2031 977 2083 Εὐβοέων

302 2102 399 2154 465.
431 2099 689 2158 λελιημένος]
712 2101 1034 2153 προθυμούμενος
1194 2102 1292 2152 466.
1322 2099 1508 2158 μίνυνθα]
1534 2100 1595 2143 ἐπ’
1618 2102 1760 2155 ὀλίγον

301 2171 398 2221 468.
431 2168 497 2227 τά]
523 2171 638 2212 ἅτινα
813 2180 911 2223 472.
944 2168 1224 2228 ἐδνοπάλιζεν]
1248 2172 1441 2223 ἐφόνευεν

173 2257 223 2293 30
302 2240 400 2294 483.
425 2237 607 2296 εἱαμενῇ]
626 2237 649 2290 ἢ
665 2241 714 2295 γῇ
731 2240 1073 2295 καταλελειμμένῃ
1091 2240 1300 2293 ἀδεσπότῳ
1316 2238 1339 2290 ἢ
1359 2240 1535 2294 καθύδρῳ
1545 2241 1652 2294 τόπῳ
1674 2239 1761 2287 Α-ί-

300 2310 398 2360 484.
432 2307 529 2361 ἆτάρ
553 2325 594 2349 τε
617 2308 776 2349 οἱ-ἐπ’
800 2306 1015 2364 ἀκροτάτῃ]
1040 2308 1157 2358 αὐτῆς
1180 2309 1331 2364 κορυφῇ

431 2375 654 2433 πεφύασιν]
680 2378 766 2418 ἀντὶ
789 2381 857 2417 τοῦ
877 2379 1211 2428 βεβλαστηκότες
1234 2380 1337 2418 εἰσίν

299 2447 396 2498 487.
430 2445 618 2498 ἀζομένη]
641 2445 903 2497 ξηραινομένη

299 2514 397 2566 488.
429 2511 675 2570 ἐξενάριξεν]
700 2515 945 2557 ἐσκύλευσεν
966 2530 1040 2557 rec.

171 2602 220 2640 35
299 2596 397 2637 492.
429 2581 643 2640 βουβῶνα]
667 2584 736 2624 τὸν
757 2584 846 2636 περὶ
867 2585 939 2636 τὴν
958 2586 1132 2639 γαστέρα
1153 2588 1277 2628 τόπον

426 2650 618 2709 ἑτέρωσε]
643 2654 699 2695 εἰς
722 2653 856 2706 ἕτερον
875 2654 994 2706 μέρος

298 2736 396 2776 493.
428 2722 546 2774 ἤριπε
568 2725 600 2763 δ’
624 2722 721 2774 ἀμφ’
745 2720 866 2778 αὐτῷ]
892 2723 1014 2765 ἔπεσε
1036 2726 1125 2778 περὶ
1147 2727 1270 2780 νεκρῷ

298 2803 395 2843 494.
428 2789 516 2847 τοῦ]
541 2794 610 2831 τοῦ
635 2793 802 2833 Αἴαντος

299 2870 398 2912 497.
432 2858 470 2916 ἕ]
496 2861 636 2902 ἑαυτόν
812 2860 1041 2919 κεκάδοντο]
1068 2864 1240 2918 ἔφευγον

288 2971 314 2991 2.
333 2961 512 2995 συλλαβεῖν
530 2963 596 2993 AD
630 2966 642 3001 Η
678 2972 727 3002 15.
751 2964 906 3004 adpinxit
928 2975 990 2996 sec.
1011 2965 1161 3006 figuram,
1178 2978 1244 3007 qua
1268 2965 1306 2998 τὸ
1330 2967 1394 2998 τῶν
1409 2968 1578 3010 βαρβάρων
1594 2971 1767 3012 θορυβῶδες

241 3005 441 3037 inlustratur
466 3009 478 3043 ΙΙ
508 3015 555 3045 23.
576 3007 726 3047 supplevi
742 3018 781 3038 ex
798 3007 864 3038 AD
