1939 3227
653 129 880 168 ιΛΙΑΔοΣ
912 129 957 167 Ζ.
990 125 1075 181 (6)
1548 125 1628 165 515

159 254 209 297 77
245 277 254 286 .
287 242 442 300 ἴθμαθ’]
472 243 520 284 τὰ
545 245 651 296 ἵχνη,
680 243 730 282 τὰ
756 240 933 293 βήματα.
978 239 1084 293 παρὰ
1115 239 1160 280 τὸ
1192 238 1272 291 εἶμι
1311 240 1393 291 ἵμα,
1416 238 1468 281 ὣς
1498 239 1633 290 τίθημι

99 314 212 366 θέμα,
238 314 302 355 καῖ
323 313 566 367 πλεονασμῷ
588 315 657 352 τοῦ
677 301 704 352 θ
723 311 820 362 ἵθμα

159 381 255 436 782.
290 379 509 439 εἰλόμενοι]
535 380 885 433 συναθροιζόμενοι

160 451 256 504 786.
290 448 536 508 αὐδήσασχ’]
561 450 722 503 ἐφώνει,
745 449 848 500 ἐβόα
869 461 948 488 ree.
1071 447 1168 500 796.
1201 444 1447 503 τελαμῶνος]
1472 445 1634 498 ἱμάντος

161 529 257 574 799.
294 516 652 575 ἱππείου-ζυγοῦ]
676 522 744 558 τοῦ
766 521 844 558 τῶν
865 518 1000 558 ἵππων
1654 522 1675 559 5

159 590 255 630 800.
288 589 312 641 ἦ
333 587 495 646 ὀλίγον]
520 589 608 630 οὐδὲ
631 588 773 642 ὀλίγον
795 601 871 629 rec.

161 658 257 698 810.
291 655 572 714 προφρονέως]
596 657 806 710 προθύμως
827 670 905 696 ree.

160 726 255 767 811.
290 724 487 783 πολυᾶιξ]
511 727 787 778 πολυόρμητος
968 724 1065 779 823.
1096 721 1602 781 ἆλήμεναι]·ἇθροισθῆναι

160 795 256 851 830.
291 793 479 852 σχεδίην]
504 797 546 836 ἐκ
569 798 637 836 τοῦ
659 795 854 848 σύνεγγυς
1030 791 1141 850 ἅζεο]
1167 793 1296 845 σέβου

163 863 318 919 832-4.
353 864 558 917 ἑρμηνεύει
582 862 730 906 ὡσανεὶ
751 867 796 904 τὸ
819 868 841 885 “
858 863 1209 915 ἀλλοπρόσαλλον
1223 860 1246 878 ”
1268 860 1389 918 (831)
1661 874 1707 899 10

161 933 257 986 858.
288 932 437 989 ἔδαψε]
462 933 640 984 διέτεμεν
661 946 739 974 ree.

162 1001 258 1044 860.
290 999 538 1058 ἐννεάχιλοι]
557 992 585 1042 θ
606 1000 790 1055 χιλιάδες
957 998 1185 1056 δεκάχιλοι]
1210 1001 1305 1042 δέκα
1325 999 1508 1055 χιλιάδες

164 1071 257 1122 864.
291 1067 640 1126 ἐρεβεννὴ-ἀήρ]
666 1070 839 1122 ἆορασία

162 1141 260 1194 879.
292 1136 612 1195 προτιβάλλεαι]
637 1137 908 1190 ἐπιπλήσσεις

163 1208 259 1249 886.
294 1204 553 1264 νεκάδεσσιν]
578 1207 860 1260 νεκροκοιτίοις
1045 1206 1142 1261 893.
1177 1204 1351 1263 σπουδῇ]
1374 1207 1490 1260 μόγις
1664 1217 1708 1251 15

164 1277 261 1331 894.
295 1274 548 1333 ἐννεσίῃσιν]
573 1279 837 1328 συμβουλαῖς·
854 1275 950 1317 -ἀπὸ
970 1280 1039 1317 τοῦ
1062 1276 1192 1327 ἐνίημι

162 1359 260 1399 901.
295 1343 572 1402 ἐπειγόμενος]
597 1345 897 1398 ταρασσόμενος
1119 1343 1238 1402 ὀπός]
1262 1346 1285 1397 ἡ
1309 1345 1429 1386 πιτύα

293 1417 430 1468 ὥσπερ
463 1416 483 1456 ὁ
515 1416 613 1458 ὀπὸς
643 1416 901 1467 βαλλόμενος
934 1416 989 1457 εἰς
1021 1418 1065 1455 τὸ
1096 1414 1204 1468 γάλα
1235 1415 1356 1468 ὑγρὸν
1378 1413 1424 1456 ὂν
1444 1414 1641 1467 ταράσσει

104 1487 233 1528 ἐκεῖνο

164 1566 260 1608 902.
293 1552 594 1607 περιτρέφεται]
624 1552 912 1607 περιπήγνυται
1086 1550 1296 1609 κυκόωντι]
1320 1554 1373 1608 τῷ
1396 1552 1641 1607 ταράσσοντι
1664 1565 1712 1590 20

851 1718 895 1757 Z.

169 1821 204 1850 Ι.
237 1804 436 1865 φύλοπις]
469 1805 494 1859 ἢ
524 1807 602 1848 ἀπὸ
633 1810 702 1848 τοῦ
733 1806 831 1847 κατὰ
864 1810 976 1858 φῦλα
1005 1805 1210 1859 μάχεσθαι
1243 1805 1559 1860 συνερχομένους
1590 1805 1643 1846 ad

106 1892 168 1931 pr.
191 1876 285 1919 add.
308 1892 386 1919 rec.

166 1958 205 1989 2.
240 1948 305 1987 ὁτὲ
336 1947 410 1997 μὲν
440 1950 518 1987 τῶν
546 1945 722 2000 Ἀχαιῶν
744 1945 1048 1997 ἀνατρεπόντων
1080 1945 1169 1987 τοὺς
1199 1947 1352 1997 Τρῶας,
1376 1945 1441 1985 ὁτὲ
1472 1947 1516 1986 δὲ
1546 1945 1643 1986 α’να-

107 2015 362 2068 τρεπομένων
381 2014 447 2056 ὑπ’
470 2015 598 2056 αὐτῶν
620 2018 704 2060 Α-Ι-
1666 2030 1684 2055 2
1693 2027 1714 2063 5

169 2097 208 2137 9.
243 2081 528 2140 ἱπποδασείης]
555 2083 790 2135 ἱππολόφου
812 2096 890 2123 rec.

166 2152 235 2208 38.
267 2150 511 2208 ἀτυζομένω]
536 2152 785 2205 φοβούμενοι
807 2165 885 2192 rec.
1064 2164 1132 2201 40.
1165 2149 1326 2207 πρώτῳ]
1351 2152 1402 2206 τῷ
1425 2151 1529 2207 ἄκρῳ
1553 2154 1634 2196 A÷

167 2221 236 2262 60.
271 2218 463 2277 ἄφαντοι]
488 2221 698 2272 ἀνώνυμοι,
722 2220 893 2273 α’φανεῖς

166 2291 236 2332 62.
267 2288 493 2346 παρειπών]
517 2289 905 2343 παραμυθησάμενος
926 2304 1005 2330 ree.

168 2359 236 2410 64.
268 2361 322 2414 τῷ
345 2358 490 2400 πλάτει
512 2362 580 2399 τοῦ
601 2358 724 2401 ποδὸς
745 2358 925 2410 πατάξας
947 2372 1024 2400 ree.
1666 2374 1715 2410 30

169 2427 234 2480 78.
267 2427 354 2478 ἤτοι
378 2427 552 2480 ἔγκειται
579 2428 622 2468 ἐν
643 2428 689 2483 τῇ
712 2427 879 2482 ὑμετέρᾳ
901 2428 1083 2481 φροντίδι
1108 2428 1284 2480 σωτηρία
1305 2431 1383 2470 τῶν
1404 2426 1645 2481 πραγμάτων

110 2495 162 2537 ad
186 2510 247 2550 pr.
271 2495 366 2536 add.
390 2509 467 2536 rec.
492 2499 574 2540 A÷

171 2564 237 2617 78,
262 2579 302 2619 9.
336 2565 460 2618 ὅ<τ>ι
484 2566 582 2605 κατὰ
604 2563 735 2605 πάντα
755 2567 803 2605 τὰ
831 2564 929 2617 μέρη
952 2568 1021 2617 τῆς
1052 2565 1185 2620 μάχης
1217 2567 1281 2607 καὶ
1313 2569 1382 2617 τῆς
1411 2564 1647 2618 φρονήσεως

110 2634 221 2685 ὑμεῖς
244 2632 454 2684 διαφέρετε
476 2646 556 2672 rec.

173 2703 239 2742 81.
272 2702 364 2753 πρὶν
390 2702 475 2755 <--
495 2699 709 2758 πεσέειν>]
733 2702 873 2746 αὐτούς
1667 2714 1715 2751 35

172 2770 238 2824 83.
271 2767 554 2825 ἐποτρύνητον]
577 2769 824 2822 παροξύνητε

174 2851 242 2894 94.
276 2834 381 2892 ἤνις]
407 2837 494 2879 ἔνος
517 2838 537 2876 ὁ
561 2838 750 2889 ἐνιαυτός,
772 2839 1008 2892 παρώνυμον
1032 2839 1112 2881 ἔνις
1135 2840 1198 2880 καὶ
1221 2840 1346 2894 τροπῇ
1369 2842 1437 2879 τοῦ
1459 2839 1479 2881 ἒ
1502 2840 1557 2882 εἰς
1576 2838 1603 2890 ἧ

163 2927 212 2958 15.
232 2916 476 2957 νεκροκοιτυίαις
504 2922 515 2954 Η
548 2917 596 2948 18.
616 2916 772 2957 ταράσσει
791 2919 833 2948 W
851 2930 890 2949 ex
906 2919 928 2949 1.
949 2928 1007 2950 20:
1025 2918 1140 2949 πάσσει
1169 2923 1180 2956 Η
1210 2928 1258 2950 20.
1276 2918 1520 2960 περιστρέφεται
1536 2924 1650 2952 textus

120 2964 132 2999 ΙΙ
151 2960 212 2992 ὑπὸ
230 2966 308 2992 ante
324 2962 370 3000 τῷ
390 2961 499 2991 delevi
517 2965 554 2991 ut.
571 2961 602 2991 D
621 2964 632 2998 ΙΙ
655 2970 705 3002 29.
723 2961 1021 3001 παραμυθησάμενος
1039 2963 1070 2994 D
1085 2974 1090 2994 :
1116 2962 1405 3002 παρακυθισάμενος
1424 2967 1435 3001 ΙΙ
1456 2973 1507 3003 30.
1525 2962 1649 2994 πατάσ-

117 3015 174 3036 σας
201 3008 213 3042 ΙΙ
241 3004 291 3044 36.
318 3002 530 3043 ἑποτρύνετον
547 3008 657 3035 textus

848 3048 950 3089 le
