1939 3227
641 98 868 138 ῐΛῐΑΔοΣ
901 99 957 138 Μ.
988 96 1004 152 (
1025 98 1076 139 12
1096 97 1110 153 )
1549 100 1631 140 531

156 206 251 258 726.
284 205 447 265 ἕνδειοι]
473 207 654 261 ἑσπέριοι

286 283 312 300 “
330 278 437 330 ἱερόν
449 276 470 292 ”
494 282 599 330 φησι
624 280 763 320 τοῦτον
790 275 814 328 ἢ
847 277 912 318 διὰ
946 278 990 319 τὸ
1020 279 1254 331 θεραπεύειν
1276 280 1432 333 ἀλφοὺς
1453 279 1477 332 ἢ
1500 280 1565 323 διὰ
1587 285 1632 322 τὸ

97 344 295 397 τρόφιμον
315 344 339 397 ἢ
363 348 428 388 διὰ
449 350 494 387 rb
516 345 578 388 ἀεὶ
597 346 682 399 ῥεῖν
705 346 769 388 καὶ
796 346 898 388 εἶναι
921 346 1090 389 ἆένναον

155 414 250 468 736.
283 412 373 471 Διί]
397 414 634 472 πεπρωμένῃ
812 413 981 473 Ἀθήνῃ]
1006 416 1203 469 φρονήσει

155 491 250 535 747.
281 481 475 542 μελαίνῃ]
501 483 592 537 παρ’
615 485 715 526 ὅσον
735 485 918 535 μελαίνει
940 485 1010 526 τὸν
1031 485 1129 538 ἀέρα
1654 498 1675 534 5

154 552 249 603 761.
285 550 408 609 θεῶν]
433 553 511 594 ἀπὸ
533 556 611 595 τῶν
788 551 876 610 Διί]
901 555 952 610 τῷ

284 620 481 678 Νέστορι]
506 623 559 677 τῷ
737 619 910 678 ἀνδρῶν]
935 621 1013 664 ἀπὸ
1035 627 1113 665 τῶν

154 691 249 742 776.
283 688 413 747 σφῶι]
436 692 547 743 ὑμεῖς
567 691 659 731 A=
843 689 1008 748 ἕπετον]
1032 693 1230 746 ἐνεργεῖτε
1250 693 1342 733 A=

283 757 373 817 νῶι]
397 760 510 811 ἡμεῖς
688 761 783 813 782.
818 759 932 818 σφῴ]
957 761 978 802 ὃ
999 761 1082 814 μέν,
1108 763 1169 803 ὅτι
1193 764 1370 814 ἐπῆλθεν

153 827 248 880 807.
280 830 346 871 ἵνα
378 828 449 881 σφ’
486 829 609 883 ἀγορή
643 847 686 872 τε
723 829 834 881 θέμις
871 828 934 887 τε]
969 831 1069 872 ὅπου
1101 831 1234 875 αὐτοῖς
1266 831 1314 873 τά
1345 849 1388 874 τε
1420 832 1518 873 ὤνια
1545 833 1631 873 ἐπι-
1657 847 1702 870 10

93 896 296 950 πράσκετο
319 899 383 939 καὶ
405 899 453 939 τὰ
475 899 711 951 δικαστήρια
733 900 888 952 ἐγίνετο
908 900 996 943 Α-ὗ-
1206 901 1301 941 808.
1334 899 1429 957 ἤην]
1454 902 1631 955 ὑπῆρχεν

155 966 250 1020 809.
283 965 585 1023 ἀντεβόλησεν]
610 968 872 1019 συνήντησεν·
899 967 1081 1021 θΌμηρος
1102 971 1178 1022 γὰρ
1202 970 1268 1011 ἐπὶ
1292 973 1359 1010 τοῦ
1381 973 1631 1023 παρακαλεῖν

93 1034 163 1076 οὐκ
185 1035 269 1077 οἶδε
289 1035 446 1077 τάττειν

153 1100 248 1156 832.
280 1100 549 1158 δικαιότατος]
574 1103 725 1146 δίκαιος
903 1102 998 1158 838.
1033 1102 1112 1160 ἔοι]
1139 1103 1299 1157 γένοιτο
1321 1104 1408 1150 Α-Ι-

154 1170 249 1225 843.
281 1168 441 1227 βοείας]
464 1170 551 1222 ἤτοι
574 1171 748 1224 δέρματα
768 1172 889 1223 βόεια
1656 1189 1701 1225 15

830 1294 886 1332 M.

154 1387 220 1426 24.
252 1374 351 1433 τῶν]
375 1380 454 1419 τῶν
474 1380 663 1429 ποταμῶν
839 1375 984 1433 ἐνοπή]
1009 1377 1163 1431 ταραχή

152 1454 220 1500 35.
255 1443 404 1503 δεδήει]
422 1445 582 1496 ἐξῆπτο,
598 1444 829 1499 διεγήγερτο
843 1458 922 1486 rec.

152 1515 220 1569 38.
255 1512 525 1570 ἰσχανόωντο]
551 1514 784 1568 κατείχοντο
805 1514 894 1558 A÷

149 1596 219 1635 40.
251 1580 293 1638 ὅ]
312 1582 469 1636 ’Έκτωρ
643 1595 712 1633 42.
745 1581 1019 1640 βλεμεαίνων]
1044 1584 1190 1637 ἀγρίως
1211 1583 1378 1636 βλέπων
1651 1596 1700 1621 20

148 1662 218 1704 47.
251 1650 507 1708 πειρητίζων]
532 1651 753 1703 δοκιμάζων
773 1665 849 1693 rec.
1028 1653 1097 1703 48.
1131 1653 1326 1707 εἵκουσιν]
1348 1655 1631 1708 ὑποχωροῦσιν

150 1732 218 1775 52.
252 1722 498 1774 δειδίσσετο]
523 1721 609 1772 ἤτοι
632 1721 783 1763 ἄποθεν
805 1722 953 1774 ἐφόβει

150 1799 218 1843 54.
251 1788 434 1847 κρημνοί]
451 1792 499 1831 τὰ
513 1793 581 1842 τῆς
594 1789 748 1843 τάφρου
761 1791 881 1845 χείλη
1019 1789 1261 1848 ἐπηρεφέες]
1276 1793 1443 1845 ὑψηλοί,
1458 1791 1631 1846 μεγάλοι

148 1859 216 1912 56.
247 1858 403 1915 ἠρήρει]
427 1860 616 1912 ἥρμοστο,
634 1860 888 1902 ἐπεπύκνωτο
911 1860 1009 1899 Α-

148 1937 217 1983 59.
250 1931 284 1971 εἰ
306 1926 535 1985 τελέουσιν]
560 1928 629 1970 ἐὰν
651 1928 958 1979 ἐπιτελέσωσιν,
983 1929 1006 1969 ὅ
1028 1930 1115 1970 ἐστι
1137 1928 1396 1982 παρέλθωσιν
1653 1942 1698 1977 25

149 1999 216 2038 66.
249 1995 495 2054 τρώσεσθαι]
519 1997 920 2048 ἡττηθήσεσθαιΑ-ἱ-
1108 2000 1176 2050 69.
1211 1996 1254 2054 ἦ]
1280 1998 1505 2042 ὄντωςΑτ-

152 2077 217 2119 72.
252 2064 550 2123 ἐνιπλήξωμεν]
575 2066 812 2118 ἐμπέσωμεν
991 2077 1057 2121 79.
1090 2065 1279 2124 πείρατα]
1304 2067 1456 2121 πέρατα

149 2148 216 2190 93.
250 2133 398 2190 Πάρις]
423 2136 443 2175 ὁ
464 2134 733 2188 Ἀλέξανδρος
749 2135 839 2175 A=

149 2214 216 2258 97.
249 2201 434 2261 αἴθωνες]
458 2204 640 2257 διάπυροι
661 2205 749 2250 A÷
939 2217 1030 2259 103.
1065 2201 1248 2261 εἴσαντο]
1272 2204 1414 2256 ἔδοξαν
1434 2206 1475 2246 Α
1490 2216 1523 2251 -Ι-

152 2282 246 2327 105.
279 2274 445 2330 τυκτῇσι
475 2274 670 2327 βόεσσιν]
703 2278 788 2317 ταῖς
821 2274 1102 2328 εἰργασμέναις
1134 2274 1213 2315 ἀπὸ
1245 2274 1448 2327 δερμάτων
1479 2277 1630 2327 βοείων
1649 2288 1699 2324 30

89 2343 261 2385 ἀσπίσιν
280 2342 321 2382 Α
334 2353 369 2387 -1-

150 2411 246 2452 106.
279 2411 532 2468 λελιημένοι]
557 2412 863 2466 παρωρμημένοι
886 2413 1068 2465 ἔνθερμοι

151 2490 246 2533 117.
279 2479 553 2537 Δευκαλίδαο]
577 2483 664 2522 υἱοῦ
687 2483 969 2525 Δευκαλίωνος

151 2560 244 2603 137.
277 2550 381 2601 βόας
403 2547 518 2607 αὔας]
541 2550 698 2603 βύρσας
724 2550 844 2603 ξηράς

152 2632 245 2669 141.
278 2620 368 2661 εἵως
388 2616 481 2674 μέν]
506 2619 578 2662 ἕως
597 2619 679 2670 μέν,
700 2618 787 2670 ἤτοι
809 2621 903 2673 πρὶν
924 2622 1059 2662 ἐλθεῖν
1081 2620 1171 2663 τοὺς
1191 2619 1427 2673 βαρβάρους
1446 2621 1538 2661 A=
1647 2634 1696 2670 35

152 2697 245 2739 147.
281 2686 545 2743 κολοσυρτόν]
579 2689 718 2741 κυρίως
746 2689 812 2730 ἐπὶ
845 2688 975 2740 ξύλων
1009 2689 1252 2741 συρομένων,
1277 2690 1373 2731 ὅταν
1395 2688 1527 2740 ξύλων
1549 2694 1626 2732 τῶν

92 2757 296 2797 κοπέντων
332 2756 411 2797 ἀπὸ
448 2758 562 2809 ὄρους
599 2757 827 2809 συρομένων
871 2759 1044 2810 θόρυβος
1085 2758 1255 2811 γίνηται.
1305 2759 1325 2798 ὁ
1369 2759 1447 2799 ἀπὸ
1492 2758 1625 2810 κάλου,

91 2826 177 2876 ἤτοι
201 2824 333 2876 ξύλου,
362 2825 581 2877 συρομένου
601 2827 815 2879 γενόμενος
837 2828 1008 2879 θόρυβος
1030 2826 1123 2865 A—

139 2914 165 2936 1.
184 2908 258 2946 post
274 2903 410 2944 ἑσπέριοι
427 2904 503 2935 add.
516 2915 580 2936 rec.
599 2903 732 2945 ἔνφοβοι
760 2908 772 2943 ΙΙ
801 2913 828 2944 3.
845 2904 958 2946 ἀείρειν
981 2909 992 2943 Η
1019 2916 1048 2946 9.
1066 2906 1166 2937 schol.
1187 2907 1246 2946 782
1265 2916 1331 2936 non
1348 2906 1508 2948 intellego
1534 2910 1546 2945 11
1575 2917 1625 2948 ²5-

92 2947 280 2988 παρέλθοιεν
307 2951 319 2986 Η
349 2948 397 2980 26.
414 2947 655 2988 ἡττηθήσεσθαι
673 2949 724 2980 D:
749 2949 922 2988 ἡττηθῆναι
939 2953 977 2980 ut
994 2951 1026 2980 A
1045 2953 1056 2987 ΙΙ
1084 2958 1133 2989 37.
1151 2949 1201 2980 καὶ
1218 2954 1296 2981 ante
1313 2960 1383 2989 συρ.
1400 2951 1496 2981 omisi

784 3016 927 3045 Mm2
