1939 3227
296 124 381 163 502
853 125 1080 164 ΙΛΙΑΔΟΣ
1113 127 1155 163 r.
1188 121 1274 179 (3)

356 249 421 291 99.
454 234 656 293 πέποσθε]
681 238 908 278 πεπόνθατε

358 319 452 346 100.
486 304 630 362 ἀρχῆς]
662 305 749 356 ἤτοι
778 308 846 356 τῆς
876 307 951 348 ὑπὸ
971 306 1243 360 Ἀλεξάνδρου
1264 307 1482 361 γενομένης
1504 309 1694 360 ἁρπαγῆς·
1732 309 1827 360 αὕτη

295 375 373 428 γὰρ
395 375 497 428 ἀρχὴ
522 378 643 415 κακοῦ

359 456 453 498 103.
487 441 639 500 οἴσετε]
664 445 701 484 οἱ
723 447 856 497 Τρῶες
1036 457 1130 494 104.
1163 442 1295 502 ἡμεῖς]
1321 447 1358 486 οἱ
1374 444 1578 497 τΈλληνες

250 518 276 555 5
359 520 452 564 107.
483 510 735 570 ὑπερβασίῃ]
761 512 1006 566 παραβάσει,
1032 515 1164 568 ἀδικίᾳ

358 580 452 622 108.
482 579 733 637 ἠερέθονται]
777 581 865 632 ἤτοι
907 582 1200 634 ἆπαιωροῦνται
1242 581 1467 633 κρέμανται,
1511 583 1596 623 οἷον
1637 582 1707 622 οὐκ
1748 583 1830 623 εἶσὶ

298 650 490 701 σταθεραὶ
524 647 617 690 ἀλλ’
656 650 859 702 ἀβέβαιοι,
893 648 916 700 ἢ
950 650 1203 702 μετάβλητοί
1240 652 1320 691 εἶσι
1356 653 1421 692 διὰ
1457 651 1501 692 τὸ
1535 651 1604 691 τὸν
1637 651 1734 704 ἀέρα
1767 652 1829 692 ἀεὶ

294 718 632 770 μεταβάλλεσθαι
812 733 904 774 113.
938 721 980 760 ἐκ
1003 720 1034 760 δ’
1060 718 1181 776 ἔβαν]
1207 719 1436 771 κατέβησαν
1458 719 1500 760 δέ

359 795 454 839 115.
487 788 612 839 ἀμφὶς
635 788 800 841 ἄρουρα]
822 788 866 829 τὸ
887 789 1126 842 μεταίχμιον
1149 790 1335 839 δηλονότι
1488 802 1581 841 119.
1612 786 1717 845 ἄρν’]
1741 788 1811 829 ἕνα

231 868 279 903 Ιρ
360 869 452 898 121.
480 854 597 913 Ἶρις]
632 858 821 909 σημαίνει
847 859 928 905 δύο,
959 858 1030 909 τὴν
1057 860 1306 909 σωματοειδῆ
1331 860 1426 898 θεὰν
1449 859 1512 899 καὶ
1534 862 1579 898 τὸ
1602 861 1829 910 νεφελῶδες

297 924 484 975 σύστημα

357 1006 451 1036 122-
483 993 640 1051 γαλόῳ]
664 995 686 1046 ἡ
710 994 847 1048 γάλως
868 998 937 1046 τῆς
958 995 1070 1049 γάλω
1093 997 1157 1037 καὶ
1180 996 1422 1050 πλεονασμῷ
1446 999 1513 1036 τοῦ
1534 999 1556 1036 ὁ
1575 997 1712 1048 γαλόω

482 1062 786 1121 Ἀντηνορίδαο]
811 1068 879 1104 τοῦ
899 1066 987 1105 υἱοῦ
1010 1068 1078 1105 τοῦ
1100 1064 1341 1117 Ἀντήνορος
1362 1063 1602 1106 Ἑλικάονος

357 1131 451 1173 126.
485 1131 732 1189 ἐνέπασσεν]
767 1135 1057 1175 ἐνεποίκιλλεν·
1100 1135 1193 1175 ὅθεν
1225 1133 1358 1174 καὶτὰ
1381 1134 1547 1174 ποικίλα
1569 1132 1826 1186 παραπετάσ-

230 1214 275 1251 15
295 1218 399 1252 ματα
421 1200 568 1242 παστοὶ
591 1206 805 1244 καλοῦνται

356 1279 451 1324 135.
483 1269 845 1327 παρὰ-πέπηγεν]
871 1271 1104 1324 παράκειται
1127 1271 1259 1314 αὐτοῖς

355 1339 449 1378 160.
482 1337 688 1395 τεκέεσσι]
714 1343 796 1382 τοῖς
819 1340 968 1382 τέκνοις

355 1407 450 1448 166.
476 1408 635 1459 ἀπορία.
673 1408 858 1459 ἐζήτηται
881 1413 963 1451 πῶς
986 1410 1168 1461 Πρίαμος
1187 1411 1229 1450 ἐν
1250 1410 1302 1464 τῷ
1328 1408 1352 1449 ι’
1374 1409 1454 1450 ἔτει
1476 1409 1715 1451 πυνθάνεται
1737 1410 1828 1462 περὶ

295 1478 373 1515 τῶν
402 1477 586 1528 ἀρίστων.
629 1478 766 1528 ἐπειδὴ
795 1478 988 1530 πρότερον
1020 1479 1110 1531 περὶ
1136 1480 1205 1520 τὰς
1236 1479 1520 1531 ἀστυγείτονας
1541 1478 1681 1520 πόλεις
1704 1479 1827 1518 ἐπλα-

226 1560 276 1584 20
297 1548 433 1593 νῶντο,
465 1549 534 1587 νῦν
565 1547 607 1586 δὲ
639 1544 984 1602 προ[σ]κάθηνται
1016 1549 1062 1603 τῇ
1096 1545 1217 1602 Ἰλίῳ.
1263 1546 1285 1596 ἢ
1309 1548 1369 1588 ὅτι
1392 1551 1548 1599 πρῶτον
1567 1549 1640 1598 μὲν
1662 1547 1730 1587 οὐκ
1754 1546 1828 1600 ἦγε

296 1614 456 1666 σχολὴν
485 1613 679 1655 πυθέσθαι
708 1617 798 1667 περὶ
826 1615 965 1665 αὐτῶν,
994 1619 1063 1656 τοῦ
1091 1614 1316 1669 Ἀχιλλέως
1347 1617 1520 1669 ἰσχυρῶς
1542 1616 1675 1658 αὐτοῖς
1698 1617 1825 1669 ἐγκει-

290 1681 412 1733 μένου
439 1683 504 1723 καὶ
538 1683 662 1735 μόνον
700 1684 839 1725 ἑαυτὸν
872 1684 1004 1726 αὐτοῖς
1037 1685 1330 1727 ἐπιδεικνύντος
1363 1686 1426 1726 καὶ
1459 1686 1512 1739 τῷ
1547 1685 1668 1739 φόβῳ
1707 1702 1826 1725 κατα-

294 1751 505 1793 κλείστους
534 1753 1011 1805 ποιοῦντος-ἐφρόντιζε
1043 1755 1119 1806 γὰρ
1155 1753 1199 1794 τὸ
1241 1757 1455 1804 τηνικαῦτα
1496 1755 1516 1793 ὁ
1559 1754 1739 1805 Πρίαμος
1781 1753 1826 1793 οὐ

293 1818 384 1872 περὶ
411 1820 573 1869 τούτων,
596 1821 704 1861 ἀλλὰ
733 1820 822 1874 περὶ
851 1825 919 1861 τοῦ
946 1821 1148 1876 σῴζεσθαι
1173 1822 1246 1873 τὴν
1273 1823 1521 1872 πόλιν-νῦν
1543 1824 1585 1862 δὲ
1606 1826 1827 1873 μηνιῶντος

226 1900 274 1936 25
295 1889 447 1929 ἐκείνου
477 1890 541 1930 καὶ
575 1891 794 1942 ἰσορρόπου
823 1893 892 1941 τῆς
922 1889 1053 1944 μάχης
1084 1890 1363 1944 γεγενημένης,
1390 1891 1441 1933 ὡς
1474 1892 1537 1932 καὶ
1568 1895 1636 1931 τοῦ
1668 1891 1827 1945 τείχους

291 1959 416 2011 χωρὶς
443 1962 637 2010 πολεμεῖν
657 1959 747 2001 τοὺς
774 1963 925 2011 Τρῶας,
948 1960 1110 2002 εἰκότως
1141 1959 1229 2012 περὶ
1258 1960 1385 2000 αὐτῶν
1406 1959 1658 2002 πυνθάνεται.
1700 1960 1826 2012 ἕτεροι

293 2025 336 2066 δέ
363 2032 503 2079 φασιν,
528 2028 588 2068 ὅτι
616 2028 694 2068 ἀπὸ
723 2031 792 2079 τῆς
819 2029 1048 2070 πανοπλίας
1078 2027 1140 2069 καὶ
1169 2033 1247 2069 τῶν
1269 2030 1402 2069 ἵππων
1429 2028 1569 2071 αὐτοὺς
1599 2030 1823 2082 ἐγνώριζον,

292 2096 487 2148 πρότερον
510 2098 552 2137 δὲ
574 2097 618 2138 οὐ
640 2097 804 2138 τεθέατο
828 2098 927 2137 οὕτω
950 2097 1101 2140 πάντας
1124 2098 1300 2140 ἀόπλους
1323 2097 1374 2140 ὥς
1397 2101 1465 2139 νῦν
1485 2097 1572 2142 Α-ι-

354 2174 450 2217 172.
484 2162 614 2222 ἑκυρέ]
641 2166 775 2218 ἑκυρὸς
797 2169 904 2218 παρὰ
926 2169 1009 2208 τοῖς
1032 2167 1213 2220 ἀρχαίοις
1236 2168 1256 2206 ὁ
1279 2170 1347 2207 τοῦ
1370 2167 1511 2219 ἀνδρὸς
1532 2165 1661 2218 πατήρ

224 2250 274 2287 30
355 2243 449 2286 175.
481 2232 722 2291 τηλυγέτην]
746 2237 957 2288 μονογενῆ.
1000 2235 1210 2288 ἀγαπητὴν
1234 2238 1432 2288 μονογενῆ
1512 2233 1824 2291 [κα]ταχρηστι-

293 2305 370 2343 κῶς
399 2304 440 2342 δὲ
464 2302 588 2343 εἶπεν·
624 2300 807 2359 [κυρί]ως
835 2305 910 2356 γὰρ
941 2303 1151 2356 τηλύγετοι
1183 2307 1395 2344 καλοῦνται
1429 2305 1467 2343 οἱ
1493 2306 1591 2354 τῆλε
1613 2307 1682 2355 τῆς
1703 2307 1825 2357 γονῆς

295 2367 448 2425 [ὅν]τες
484 2374 634 2420 παῖδες,
665 2372 687 2411 ὅ
724 2373 836 2411 ἐστιν
874 2373 911 2411 οἱ
956 2369 1038 2427 [ἐκ]
1081 2374 1312 2424 γεροντικῆς
1352 2371 1512 2422 ἡλικίας
1550 2370 1824 2429 [σπ]αρέντες’

292 2441 402 2478 δοκεῖ
422 2440 497 2491 γὰρ
517 2435 605 2494 [τὰ]
630 2441 729 2490 μετὰ
752 2440 985 2492 ἀπόγνωσιν
1007 2437 1115 2496 [τῆς]
1140 2441 1396 2483 παιδοποιίας
1417 2442 1646 2494 γεννώμενα
1665 2445 1827 2494 μᾶλλον

293 2507 528 2559 ἀγαπᾶσθαι
549 2507 639 2546 A:

222 2588 272 2627 35
353 2575 448 2627 176.
480 2573 643 2632 τέτηκα]
668 2575 754 2626 ἤτοι
777 2575 967 2627 ἐκτέτηκα
1159 2576 1252 2620 180.
1285 2576 1403 2635 δαήρ]
1427 2577 1571 2632 α’νδρὸς
1592 2579 1770 2632 ἁδελφός

352 2643 448 2699 183.
480 2642 694 2701 δεδμήατο]
718 2644 805 2695 ἤτοι
826 2645 1137 2698 ὑποτεταγμένοι
1160 2648 1266 2689 εἰσίν

352 2712 447 2755 186.
480 2713 645 2766 Ὀτρεὺς
677 2714 740 2754 καὶ
773 2714 949 2765 Μυγδὼν
981 2716 1262 2767 παραδίδονται
1298 2716 1393 2767 ἡμῖν
1430 2720 1569 2759 παῖδες
1604 2717 1823 2768 Δύμαντος,

290 2779 467 2834 α’δελφοὶ
489 2784 558 2832 τῆς
580 2781 772 2834 Ἑκάβης,
794 2786 986 2834 βασιλεῖς
1008 2784 1186 2837 Φρυγίας

352 2850 446 2902 187.
479 2850 569 2903 παρ’
593 2849 737 2908 ὄχθας]
762 2853 869 2904 παρὰ
889 2853 938 2891 τὰ
958 2852 1077 2905 χείλη
1199 2855 1293 2905 196.
1326 2851 1479 2910 κτίλος]
1505 2855 1612 2906 κριός

337 2938 385 2968 13.
405 2928 594 2962 ‘EMmiwvos
627 2934 638 2969 ΙΙ
675 2941 724 2970 24-
749 2930 923 2971 μηνιῶντος
939 2932 1040 2962 etiam
1056 2933 1108 2964 A:
1132 2931 1299 2973 μηνίοντος
1315 2933 1343 2964 Β
1376 2937 1388 2971 ΙΙ
1425 2933 1472 2963 28.
1498 2932 1635 2964 ἀόπλους
1651 2934 1752 2965 etiam
1768 2934 1820 2966 D:

290 2991 443 3070 ἐνόῖλέυς
459 2993 532 3025 AB²¹
551 2997 562 3031 ΙΙ
583 3003 699 3034 30—33.
717 2996 821 3027 recisa
836 2995 987 3036 supplevi
1004 3007 1043 3026 ex
1062 2996 1089 3026 L
1116 2999 1127 3034 Η
1156 3005 1205 3037 34.
1223 2997 1298 3028 add.
1317 3008 1380 3028 rec.
1399 2988 1620 3036 σχῆμαιοπτᾶἶ
1635 3020 1642 3028 .
1664 2995 1724 3036 ζημ.
1739 2995 1822 3027 κατὰ

290 3058 322 3066 ..
363 3047 382 3065 α
408 3047 450 3066 ων
