1939 3227
285 112 369 152 542
825 107 1051 147 ΙΛΙΑΔΟΣ
1083 107 1129 145 O.
1162 103 1178 161 (
1194 106 1244 145 15
1261 104 1275 160 >

346 224 439 266 261.
471 219 660 277 λειανέω]
684 221 800 262 λείαν
823 220 887 261 καὶ
913 219 1070 272 ὁμαλὴν
1091 217 1248 269 ποιήσω

346 292 442 346 263.
476 287 726 346 ἀκοστήσας]
751 287 959 342 κριθιάσας

344 361 439 411 264.
475 356 687 415 κροαίνων]
724 358 941 411 κρουαίνων
974 357 1021 409 ἣν
1052 357 1139 397 ἀντὶ
1172 358 1242 396 τοῦ
1274 354 1424 407 κρούων
1460 353 1550 397 τοὺς
1580 354 1718 403 πόδας,
1751 353 1815 394 καὶ

285 431 439 486 ἐκβολῇ
462 433 530 470 τοῦ
550 436 572 470 ῦ
594 433 619 452 “
636 426 915 481 κροαίνω<ν>”

242 510 264 547 5
346 508 441 551 271.
474 498 613 552 ἄγριον
635 494 749 552 αἶγα]
775 497 992 550 ἀρσενικῶς
1014 494 1086 545 τὴν
1109 494 1204 547 αἶγα

344 577 438 620 274.
473 564 571 624 σφί]
599 566 732 608 αὐτοῖς
909 564 1004 616 287.
1037 560 1144 618 οἷον]
1169 564 1308 604 ὁποῖον

343 649 440 691 320.
472 631 700 691 κατένωπα]
724 633 822 687 πρὸς
844 635 943 686 ὄψιν

342 717 439 759 322.
473 701 635 760 ἔθελξε]
660 701 912 756 ἐγοήτευσεν,
934 700 1141 752 ἠπάτησεν

344 782 440 827 350.
469 772 618 827 (πυρὸς
633 767 897 826 λελάχωσι>]
917 769 988 820 τὴν
1003 768 1192 821 διάπυρον
1206 767 1341 820 ταφὴν
1355 770 1502 821 λαχεῖν
1516 765 1720 817 ποιήσωσι
1738 780 1815 808 rec.

218 857 265 882 10
283 841 372 881 A—

341 910 437 966 360.
470 907 537 966 τῇ]
561 909 626 950 διὰ
647 910 790 959 ταύτης
966 907 1062 963 364.
1095 904 1176 963 ἄψ]
1200 905 1324 947 πάλιν

344 988 439 1034 372.
472 975 707 1034 πολυπύρῳ]
733 978 937 1032 σιτοφόρῳ
1115 976 1210 1030 387.
1245 970 1479 1029 ἐπιβάντες]
1504 973 1746 1015 ἐπελθόντες

343 1062 440 1103 399.
471 1044 679 1102 χατέοντι]
702 1045 890 1100 χρήζοντι
911 1059 988 1087 rec.
1166 1054 1264 1096 407.
1298 1041 1564 1095 παυροτέρους
1586 1039 1680 1097 περ]
1706 1042 1774 1082 καί

341 1130 439 1169 410.
472 1115 628 1168 στάθμη
661 1115 750 1157 ἐστὶ
782 1115 1028 1169 <σ>χοινίον
1057 1113 1208 1154 λεπτὸν
1240 1112 1388 1167 ἐρυθρῷ
1419 1110 1443 1162 ἢ
1474 1110 1616 1162 μέλανι
1637 1110 1818 1164 χρώματι

217 1204 263 1239 15
284 1185 536 1240 ἐχρισμένον,
560 1183 589 1240 ᾧ
613 1185 858 1234 κανονίζεται
880 1183 926 1224 τὰ
951 1181 1052 1234 ξύλα
1072 1182 1160 1227 Α-ξ·
1328 1188 1426 1232 415.
1460 1179 1640 1233 ἐείσατο]
1668 1178 1797 1231 ἐφάνη

341 1256 439 1305 416.
471 1251 545 1310 τώ]
571 1255 591 1294 6
614 1255 712 1296 Αἴας
735 1253 799 1293 καὶ
816 1251 971 1304 ’Έκτωρ
1148 1249 1246 1300 418.
1278 1246 1368 1305 τόν]
1392 1248 1462 1290 τὸν
1478 1247 1653 1300 ’Έκτορα

340 1335 440 1378 432.
473 1323 634 1374 Κύθηρα
656 1321 838 1372 νησίδιον
859 1322 927 1370 τῆς
952 1321 1196 1369 Λακωνικῆς,
1218 1317 1462 1369 Ἀφροδίτης
1486 1316 1606 1368 ἱερόν,
1634 1316 1728 1357 ὅθεν
1753 1316 1817 1356 καὶ

284 1391 503 1444 Κυθέρειαν
524 1392 756 1432 ἐπιθετικῶς
777 1388 1018 1440 ὀνομάζουσι
1039 1388 1112 1439 τὴν
1134 1387 1227 1427 θεόν
1241 1386 1282 1425 A
1305 1404 1346 1421 =

341 1468 441 1515 459.
475 1456 629 1515 αἴνυτο]
654 1456 886 1510 ἐλάμβανεν
1059 1457 1158 1510 463.
1191 1452 1254 1511 ὅς]
1279 1455 1299 1494 6
1322 1453 1421 1496 Ζεύς

216 1550 264 1574 20
340 1529 440 1581 467.
471 1527 599 1580 μήδεα
621 1523 761 1583 κείρει]
787 1527 851 1567 καὶ
873 1526 944 1577 τὴν
966 1525 1188 1578 προθυμίαν

341 1608 439 1650 479.
472 1595 807 1650 τετραθέλυμνον]
842 1593 1128 1647 τετράπτυχον,
1163 1591 1362 1644 τέσσαρας
1393 1590 1528 1633 θέσεις
1560 1590 1656 1644 ἔχον
1690 1591 1817 1630 ἐπαλ-

281 1666 433 1718 λήλους

342 1735 439 1788 508.
470 1732 614 1790 χορόν]
638 1732 726 1784 ἤτοι
743 1733 907 1786 χορείαν
929 1743 1006 1771 rec.

341 1813 439 1856 512.
473 1799 759 1857 στρεύγεσθαι]
780 1800 866 1852 ἤτοι
884 1801 1227 1851 ταλαιπωρεῖσθαι
1251 1800 1314 1838 καὶ
1336 1797 1356 1837 ὃ
1378 1796 1492 1848 ἡμεῖς
1515 1796 1613 1837 κατὰ
1638 1795 1819 1848 στράγγα

214 1893 262 1930 25
284 1873 460 1928 λέγομεν
479 1872 583 1926 ῥέειν

341 1950 440 1995 517.
473 1939 675 1993 πρυλέων]
697 1939 826 1989 πεζῶν
1004 1937 1100 1991 518.
1134 1932 1382 1991 Κυλλήνιον]
1405 1933 1582 1987 Ἀρκάδα
1603 1947 1679 1973 rec.

340 2021 438 2065 520.
471 2007 629 2066 Μέγης]
647 2009 808 2060 ’Έλλην
824 2008 937 2050 οὗτος

341 2080 438 2132 528.
472 2075 694 2135 Φυλείδαο]
719 2080 788 2118 τοῦ
809 2078 896 2118 υἱοῦ
915 2075 1080 2118 Φυλέως

340 2158 437 2203 530.
468 2143 703 2202 γυάλοισιν]
727 2149 810 2188 τοῖς
836 2144 1139 2196 κεκοιλωμένοις
1159 2142 1183 2194 ἢ
1205 2146 1287 2186 τοῖς
1310 2143 1494 2194 σώμασιν

213 2241 263 2276 30
340 2225 438 2271 535.
471 2220 539 2257 τοῦ
562 2215 621 2269 δέ]
645 2218 713 2255 τοῦ
736 2216 925 2256 Δόλοπος

340 2294 437 2339 537.
470 2282 567 2340 πᾶς]
592 2285 612 2324 ὁ
630 2284 761 2335 λόφος

340 2362 438 2406 544.
471 2349 711 2407 ἐεισάσθην]
735 2352 786 2393 ἔω
809 2351 853 2391 τὸ
876 2352 993 2403 ὁρμῶ,
1026 2351 1046 2390 6
1076 2348 1237 2401 μέλλων
1271 2347 1363 2398 ἔσω,
1397 2348 1417 2387 6
1450 2348 1639 2400 ἀόριστος
1672 2346 1775 2397 εἶσα,
1797 2348 1817 2387 6

283 2422 405 2474 μέσος
427 2420 597 2473 εῑσάμην
619 2422 715 2461 εἵσω
734 2423 885 2468 εἵσατο,
903 2418 968 2460 καὶ
989 2419 1149 2460 ἐείσατο
1166 2417 1366 2466 Ἰωνικῶς,
1385 2416 1429 2457 τὸ
1452 2415 1584 2457 δυῖκὸν
1601 2414 1818 2468 ἐεισάμεθα

285 2492 504 2532 ἐείσασθον
527 2493 549 2511 “
565 2487 785 2537 ἐεισάσθην
797 2486 819 2502 ”

214 2584 263 2620 35
342 2559 440 2611 546.
471 2553 759 2612 Ἱκεταονίδην]
784 2555 852 2596 τὸν
873 2555 961 2597 υἱὸν
980 2553 1205 2596 Ἱκετάονος

341 2636 438 2680 554.
472 2622 721 2680 ἐντρέπεται]
746 2625 832 2666 οἷον
853 2623 1048 2676 ἐντροπὴν
1069 2623 1136 2664 ἐπὶ
1158 2626 1203 2663 τὸ
1223 2621 1394 2674 βέλτιον
1419 2620 1625 2673 λαμβάνει
1646 2634 1723 2661 rec.

343 2705 440 2749 557.
474 2691 689 2750 κατάκρης]
713 2694 757 2735 ἓν
776 2692 894 2745 μέρος
913 2693 1040 2745 λόγου

344 2765 439 2817 607.
473 2759 724 2818 ἀφλοισμός]
755 2760 877 2802 οἱονεὶ
908 2761 1112 2813 ἀφρισμός
1139 2777 1210 2811 τις,
1233 2760 1358 2815 τροπῇ
1380 2762 1447 2799 τοῦ
1470 2758 1727 2810 ἀμεταβόλου
1758 2758 1815 2801 εἷς

285 2834 544 2886 ἀμετάβολον
566 2830 629 2873 καὶ
651 2831 894 2885 πλεονασμῷ
916 2833 984 2870 τοῦ
1004 2836 1025 2869 ὅ
1050 2833 1069 2850 “
1087 2828 1353 2882 ἀφλοισμός”
1378 2827 1413 2867 Β
1428 2837 1461 2871 ÷

329 2929 359 2952 2.
383 2916 584 2958 κριθαριάσας
615 2919 628 2954 ΙΙ
654 2926 684 2958 9.
709 2914 875 2954 ποιήσουσι
911 2915 924 2949 ΙΙ
961 2923 1009 2954 14.
1035 2913 1054 2952 ἢ
1072 2915 1127 2945 A:
1152 2913 1205 2944 καῖ
1240 2916 1252 2950 ΙΙ
1288 2913 1337 2952 36.
1363 2911 1497 2947 βέλτιον
1514 2912 1565 2944 D:
1589 2909 1766 2947 βέλτιστον
1798 2913 1812 2948 ΙΙ

287 2964 338 3003 38.
362 2961 462 2994 οἱονεὶ
484 2965 564 2993 ante
587 2972 636 3000 τρ,
662 2960 842 3000 scriptum:
868 2958 998 2989 traiecit
1016 2958 1058 2987 W
1085 2961 1096 2993 ΙΙ
1123 2969 1168 2987 τις
1183 2958 1246 2988 W:
1263 2957 1321 2995 τῆς
1346 2959 1357 2993 ΙΙ
1383 2956 1499 2994 τροπῆς
