1939 3227
268 127 355 167 492
827 131 1054 169 ΙΛΙΑΔΟΣ
1087 132 1134 170 Α.
1163 127 1178 184 (
1199 131 1218 169 1
1238 128 1253 184 )

329 240 426 282 282.
459 237 579 296 παῦε]
605 240 847 293 ἀποστροφὴ
870 241 914 282 τὸ
938 244 1074 295 σχῆμα

331 311 426 364 289.
451 307 685 367 σημαίνειν]
710 310 989 364 προστάσσειν
1007 316 1090 352 A:

455 376 591 435 ἅτινα]
619 379 675 421 εἷς
850 379 878 404 -)÷
896 378 1133 437 πείσεσθαι]
1158 381 1372 430 πεισθῆναι

455 446 511 487 ib.
544 450 589 487 τὸ
612 450 631 468 “
647 447 901 499 πείσεσθμι”
926 450 1095 489 ἐνταῦθα
1118 449 1373 501 ἑρμηνεύεται
1397 449 1495 490 κατὰ
1516 450 1590 501 μὲν
1611 450 1683 501 τὴν
1704 450 1809 503 πρῶ-

224 536 246 573 5
269 532 340 568 την
371 514 585 567 ἐπιβολήν,
611 517 683 570 <ἐν
704 516 787 570 τῷ)
827 516 1004 558 κἃτινα”
1028 520 1097 557 τοῦ
1125 516 1213 558 τινά
1246 520 1523 569 πληθυντικῶς
1555 519 1809 570 ἐκλαμβανο-

267 584 388 636 μένου
421 585 485 625 καὶ
514 584 611 637 πρὸς
642 584 687 625 τὸ
720 585 744 625 ἅ
780 585 1096 637 συναρτωμένου,
1129 585 1243 628 ἅτινα
1268 586 1312 627 οὐ
1341 587 1558 627 πείσεσθαι
1593 587 1656 627 καὶ
1691 590 1810 640 σχεῖν

269 655 333 694 καὶ
367 654 495 707 εὑρεῖν
527 658 596 696 τὸν
626 653 831 707 Ἀχιλλέα
863 655 933 694 ὀίω
967 652 1030 694 καὶ
1063 654 1184 706 οἶμαι.
1227 655 1317 696 τίνα
1354 658 1502 705 ταῦτα;
1540 655 1584 696 τὸ
1618 655 1810 696 “πάντων

268 724 341 774 μὲν
364 721 581 775 κρατέειν,”
605 725 759 763 “wamy
782 724 824 763 δὲ
847 721 1076 764 ἆνάσσειν”
1100 724 1164 764 καὶ
1187 726 1321 764 ((πᾶσι
1346 724 1593 775 σημαίνειν.”
1628 722 1810 777 διαφέρει

651 789 675 805 ’9
727 791 738 805 Χ

268 795 402 832 ταῦτα.
426 791 642 843 (ςκρατέειν
699 808 743 831 το
768 789 909 843 κράτος
933 792 1043 845 ἔχειν
1065 791 1236 832 πάντων.
1281 792 1344 832 καὶ
1368 794 1466 832 κατὰ
1487 795 1603 832 τοῦτο
1627 792 1809 845 διαφέρει

201 875 249 899 10
267 863 335 900 τοῦ
366 860 621 911 βασιλεύειν,
655 859 754 900 κατὰ
786 859 859 911 τὴν
889 859 1093 913 ἐνέργειαν
1124 861 1187 901 καὶ
1215 860 1287 911 τὴν
1315 859 1473 913 πρᾶξιν·
1507 860 1706 903 πολλάκις
1734 861 1810 914 γὰρ

266 931 459 980 βασιλεῖς
485 929 590 969 εἰσιν
620 927 887 981 ἆνενέργητοι,
911 928 975 968 καὶ
1004 930 1042 969 οὶ
1072 929 1247 982 ἐνεργεῖς
1269 929 1356 970 ἀντὶ
1378 929 1528 970 τούτων
1555 928 1809 982 πράττουσιν.

267 999 305 1038 οἱ
337 998 379 1038 δὲ
412 997 677 1048 σημαίνοντες
708 997 813 1049 παρὰ
844 997 1007 1040 τούτους
1039 997 1160 1038 ἄλλοι
1188 998 1305 1046 εἰσίν,
1339 998 1376 1038 οἱ
1408 999 1454 1054 τῇ
1486 999 1618 1053 βουλῇ
1657 998 1720 1038 καὶ
1756 999 1809 1052 τῷ

266 1066 376 1121 λόγῳ
411 1070 488 1107 τῶν
525 1067 665 1107 ἄλλων
701 1065 1008 1119 προηγούμενοι.
1053 1067 1116 1107 καὶ
1147 1068 1236 1118 τρία
1271 1066 1393 1107 ταῦτά
1430 1068 1510 1107 εἶσι
1547 1068 1595 1106 τὰ
1627 1065 1812 1119 μέγιστα,

266 1133 549 1187 βασιλεία-ἣ
580 1136 643 1176 καὶ
671 1134 961 1185 ἐξουσίαᾲκαὶ
989 1134 1130 1188 κράτος
1156 1139 1304 1189 χειρῶν
1327 1136 1390 1176 καὶ
1418 1136 1544 1188 λόγου
1568 1134 1629 1176 καὶ
1656 1137 1812 1186 βουλῆς

202 1214 247 1252 15
269 1203 427 1257 σχέσις.
469 1207 591 1244 ταῦτα
611 1204 712 1257 <οὔ>
734 1209 863 1255 φησιν
887 1202 1148 1256 Ἀγαμέμνων
1171 1202 1302 1244 πάντα
1330 1204 1547 1244 πείσεσθαι
1579 1207 1648 1244 τὸν
1667 1203 1810 1257 Ἀχιλ-

267 1272 343 1313 λέα
380 1272 501 1324 ἔχειν·
535 1272 728 1314 ἀδύνατον
759 1272 835 1325 γάρ
868 1277 971 1324 φησι
1004 1272 1073 1312 τὸν
1106 1271 1224 1313 αὐτὸν
1258 1275 1341 1314 τοῖς
1377 1270 1484 1324 τρισὶ
1520 1274 1732 1323 τιμηθῆναι
1767 1273 1810 1312 ἐκ

269 1344 374 1382 θεοῦ·
408 1341 523 1396 ἄλλῳ
551 1343 628 1394 γὰρ
656 1341 761 1381 ἄλλο
792 1341 942 1393 ἀγαθὸν
976 1342 1018 1381 ἐκ
1052 1343 1144 1380 θεοῦ
1176 1341 1518 1392 ἆπομεριζόμενον
1549 1342 1710 1388 δίδοται,
1746 1341 1810 1381 καὶ

269 1410 314 1450 οὐ
343 1409 472 1450 πάντα
500 1411 553 1464 τῷ
583 1409 699 1463 αὐτῷ.
745 1410 807 1449 καὶ
837 1412 952 1448 τοῦτο
980 1410 1055 1459 μὲν
1083 1408 1128 1448 τὸ
1152 1410 1250 1449 κατὰ
1271 1409 1432 1461 πρώτην
1454 1407 1666 1460 ἐπιβολήν.
1709 1409 1745 1449 οἳ
1768 1409 1811 1449 δὲ

485 1474 494 1488 ἲ

269 1475 314 1516 τὸ
336 1479 356 1496 “
371 1474 481 1516 τινά’
519 1477 657 1516 ἑνικῶς
690 1473 1015 1526 ἐκλαμβάνονται
1048 1474 1111 1514 καὶ
1133 1473 1340 1527 λέγουσιν,
1363 1474 1388 1514 δι
1411 1474 1479 1514 οὐκ
1503 1474 1614 1525 οἶμαί
1633 1490 1722 1514 τινα
1743 1473 1812 1514 ἕνα

203 1559 250 1583 20
270 1544 480 1596 ἄνθρωπον
505 1545 722 1584 πείσεσθαι
755 1544 818 1584 καὶ
851 1545 996 1584 παθεῖν
1025 1544 1088 1583 καὶ
1121 1546 1240 1596 σχεῖν
1262 1543 1305 1584 ἐν
1332 1542 1471 1597 ταύτῷ,
1495 1542 1546 1585 ὡς
1569 1542 1681 1597 ἄλλῳ
1705 1542 1810 1583 ἄλλο

270 1614 479 1664 διδόμενον
511 1614 617 1665 παρὰ
649 1615 753 1653 θεοῦ.
790 1610 814 1662 ἦ
848 1613 981 1654 οὕτως·
1014 1612 1081 1652 οὐκ
1114 1612 1225 1663 οἶμαι
1259 1612 1328 1652 τὸν
1360 1610 1563 1665 Ἀχιλλέα
1594 1611 1811 1652 πείσεσθαι

272 1681 335 1723 καὶ
369 1682 528 1723 πείσειν
564 1683 653 1721 τινὰ
693 1682 798 1722 ὥστε
837 1681 947 1734 ἔχειν
985 1680 1083 1721 αὐτὰ
1115 1681 1184 1721 τὸν
1214 1680 1426 1734 Ἀχιλλέα.
1469 1681 1618 1732 τρόπον
1649 1679 1693 1721 δέ
1723 1697 1812 1721 τινα

272 1753 441 1792 ἐνταῦθα
463 1749 724 1804 Ἀγαμέμνων
747 1753 887 1791 ἑαυτοῦ
915 1749 978 1790 καὶ
1004 1754 1073 1790 τοῦ
1094 1749 1318 1803 Ἀχιλλέως
1342 1750 1406 1790 καὶ
1427 1753 1495 1789 τοῦ
1518 1748 1720 1800 Νέστορος
1742 1748 1814 1791 τὰς

273 1822 315 1861 ἐκ
349 1823 441 1860 θεοῦ
472 1821 622 1872 δωρεᾶς
654 1819 884 1872 διέγραψεν,
918 1819 977 1859 ὅτι
1008 1817 1228 1872 Ἀχιλλεὺς
1263 1820 1336 1869 μὲν
1370 1818 1455 1871 ἕχει
1490 1817 1630 1871 κράτος
1660 1817 1810 1871 χειρός,

204 1904 252 1942 25
274 1890 351 1943 ἐγὼ
374 1890 416 1930 δὲ
437 1888 669 1941 βασιλείαν,
693 1887 742 1928 σὺ
772 1890 814 1929 δὲ
843 1886 1014 1939 βουλήν·
1048 1887 1162 1930 αὐτὸς
1185 1887 1227 1928 δὲ
1251 1889 1271 1927 6
1294 1885 1511 1940 Ἀχιλλεὺς
1532 1886 1726 1938 βούλεται
1750 1884 1813 1926 καὶ

272 1960 322 1999 τὰ
343 1958 432 2010 τρία
454 1958 565 2011 ἔχειν

333 2039 427 2079 290.
460 2028 481 2067 6
513 2027 638 2080 λόγος
674 2030 865 2069 τοιοῦτος·
915 2027 949 2067 εἰ
983 2024 1232 2077 πολεμιστής
1270 2027 1382 2066 ἐστιν
1414 2022 1634 2078 Ἀχιλλεὺς
1674 2022 1811 2078 γνώμῃ

272 2100 350 2137 τῶν
383 2099 494 2146 θεῶν,
526 2097 591 2136 διὰ
627 2099 741 2136 τοῦτο
778 2094 978 2148 προπετής
1014 2097 1124 2137 ἐστιν
1162 2094 1227 2135 ἐπὶ
1261 2093 1306 2135 τὸ
1341 2093 1548 2143 ὀνειδίζειν
1585 2090 1649 2133 καὶ
1686 2094 1812 2133 κακῶς

274 2164 411 2218 λέγειν
432 2164 534 2217 ἡμᾶς
555 2165 646 2207 τοὺς
666 2167 885 2216 βασιλεῖς;

206 2254 254 2289 30
333 2242 429 2289 305.
464 2231 683 2290 ἀνστήτην]
709 2232 939 2283 ἀνέστησαν

331 2315 425 2356 309.
459 2299 630 2358 ἔκρινεν]
656 2303 950 2354 κατηρίθμησεν
971 2300 1191 2351 ἐπελέξατο
1215 2303 1300 2339 A·-

332 2384 428 2425 310.
461 2368 588 2427 βῆσε]
613 2371 870 2421 ἐπεβίβασεν
1049 2365 1348 2424 καλλιπάρηον]
1377 2371 1564 2419 Δωρικῶς

332 2452 430 2493 311.
465 2436 595 2493 εἷσεν]
621 2438 808 2479 ἐκάθισεν
832 2441 914 2477 A:

332 2508 429 2562 316.
464 2504 714 2562 ἀτρυγέτοιο]
745 2508 813 2557 τῆς
836 2506 1012 2558 ἀκάρπου
1033 2504 1056 2556 ἢ
1081 2508 1148 2557 τῆς
1172 2504 1475 2555 ἀκαταπονήτου
1497 2503 1520 2555 ἢ
1544 2506 1614 2555 τῆς
1638 2503 1810 2557 ἐχούσης

206 2604 227 2638 3
235 2601 254 2637 5
277 2577 436 2628 πολλὴν
457 2576 579 2630 τρύγα
599 2575 687 2627 ἤτοι
707 2574 967 2627 ὑποστάθμην
989 2579 1018 2614 Α
1035 2601 1071 2606 -

335 2655 431 2700 317.
463 2643 496 2686 δ’
537 2645 724 2696 σημαίνει
766 2647 810 2684 τὸ
852 2644 983 2694 λίπος,
1025 2644 1094 2684 τὸν
1136 2644 1344 2691 ἐπίπλουν,
1387 2642 1433 2683 τὸ
1477 2641 1591 2695 κρέας
1634 2641 1696 2681 καὶ
1738 2640 1810 2691 τὴν

276 2715 556 2766 ἀναθυμίασιν,
581 2714 678 2766 ὅπερ
701 2716 769 2755 νῦν
791 2718 919 2765 φησιν
943 2716 1023 2758 Α-ξ-

335 2796 431 2839 322.
465 2784 628 2836 ὀτρηρὸς
647 2783 667 2822 6
691 2782 862 2835 ἐνεργός,
878 2782 898 2821 6
914 2781 967 2832 μὴ
992 2780 1199 2832 ἀναμένων
1221 2782 1538 2834 παροτρυνθῆναι
1562 2777 1668 2831 παρά
1689 2792 1808 2820 τινος·

278 2853 422 2907 γέγονε
448 2851 490 2894 δὲ
512 2853 619 2905 ’παρὰ
649 2851 693 2892 τὸ
719 2850 815 2904 τρέω
847 2854 891 2890 τὸ
921 2853 1116 2901 σημαῖνον
1138 2850 1183 2890 τὸ
1215 2853 1422 2902 φοβοῦμαι
1449 2849 1573 2898 ὄνομα
1593 2849 1810 2901 ῥηματικὸν

207 2944 257 2976 40
279 2922 448 2975 τρεερός,
470 2921 521 2965 ὡς
543 2921 674 2974 φαίνω
705 2919 889 2973 φανερός,
913 2918 975 2959 καὶ
998 2920 1095 2959 κατὰ
1124 2921 1266 2971 κρᾶσιν
1287 2922 1365 2959 τῶν
1388 2917 1456 2959 δύο
1481 2918 1523 2959 ἆ
1547 2918 1602 2959 εἷς
1623 2923 1646 2966 ῆ
1669 2916 1809 2968 τρηρός

875 3054 922 3085 15.
948 3045 1055 3086 suppl.
1075 3045 1206 3076 Bekker
