1939 3227
282 140 364 178 500
837 141 1058 178 [ΛΙΑΔΟΣ
1095 142 1137 180 Β.
1171 138 1256 193 (2)

341 253 439 308 389.
473 251 748 310 ἀμφιβρότης]
771 255 840 304 τῆς
862 253 1116 307 πανταχόθεν
1137 257 1207 294 τὸν
1228 253 1378 306 βροτὸν
1400 254 1723 307 περισκεπούσης

339 335 435 377 390.
469 320 625 379 ἐύξοον]
650 326 718 364 τὸν
741 326 872 365 καλῶς
897 321 1268 372 κατεσκευασμένον

340 404 437 446 391.
461 390 507 431 ὃν
528 390 571 432 δέ
594 391 625 431 κ’
644 388 768 448 ἐγών]
792 390 844 446 τῷ
867 391 909 431 δὲ
928 390 1088 432 θέλοντι
1105 389 1272 443 φεύγειν
1295 390 1365 432 τὸν
1387 391 1567 442 πόλεμον
1590 391 1663 445 οὐχ
1681 392 1817 433 ἱκανὸν
1862 413 1867 417 ·

283 460 373 501 οὐδὲ
410 460 600 513 αὔταρκες
634 459 849 513 γενήσεται
885 463 984 512 πρὸς
1019 459 1064 499 τὸ
1098 458 1151 510 μὴ
1182 458 1258 500 ὑπὸ
1291 464 1417 501 κυνῶν
1450 459 1513 501 καὶ
1545 459 1817 513 σαρκοφάγων

240 547 261 585 5
284 530 431 582 ὄρνεων
452 531 753 580 διασπασθῆναι

342 598 438 652 398.
472 597 749 651 κεδασθέντες]
773 596 1063 640 σκεδασθέντες

339 688 438 726 400.
472 673 599 732 ἔρεζε]
624 676 785 717 δύναται
808 676 887 716 ἀπὸ
909 679 977 715 τοῦ
1000 676 1194 727 ἐπαρκοῦς
1217 674 1260 715 τὸ
1283 656 1365 727 ,[3οῆ

339 757 436 794 421.
465 745 705 798 οὐλοχύτας]
732 745 868 797 κριθάς

340 826 440 863 422.
463 812 677 869 αὐέρυσαν]
698 815 754 856 εἰς
768 814 946 854 τούπίσω
963 815 1158 855 εἵλκυσαν
1171 812 1261 855 τοὺς
1272 811 1498 866 τραχήλους
1514 816 1592 853 τῶν
1604 811 1760 867 ζῴωνΑ
1772 820 1808 858 -1-

216 890 264 914 10
340 895 439 932 424.
468 879 659 939 δίπτυχα]
684 886 853 924 διπλοῦν
873 882 943 923 τὸν
965 883 1164 923 ἐπίπλουν

471 951 531 993 ἐπ’
556 949 704 1007 αὐτῶν]
729 956 808 993 τῶν
829 956 980 1003 βωμῶν
1153 960 1253 1003 425.
1287 948 1532 1007 ἆφύλλοισι]
1557 949 1691 1003 ξηροῖς

339 1021 438 1070 426.
469 1021 684 1074 ὑπείρεχον
704 1018 974 1078 εΗφαίστοιο]
999 1020 1180 1073 ὑπεράνω
1205 1021 1317 1073 εἶχον
1338 1021 1459 1072 πυρός

339 1097 439 1143 435.
473 1089 554 1140 δῆτ’
579 1087 689 1145 αὖθι]
713 1090 843 1131 πολὺν
863 1091 1013 1144 χρόνον
1039 1090 1129 1129 A:
1207 1127 1211 1131 ,
1284 1086 1516 1145 λεγώμεθα]
1541 1089 1820 1142 διαλεγώμεθα

340 1159 438 1213 436.
473 1156 609 1215 ἔργον]
633 1158 703 1199 τὸν
724 1159 905 1211 πόλεμον
1023 1159 1123 1209 448.
1155 1156 1388 1214 ἠερέθοντο]
1416 1158 1630 1210 ἐκρέμαντο

215 1231 261 1267 Ῑ5
340 1241 438 1281 449.
474 1225 758 1284 ἑκατόμβοιος]
784 1230 925 1269 ἑκατὸν
949 1232 1064 1279 βοῶν
1084 1227 1172 1278 ἤτοι
1199 1225 1445 1283 [πλείστων]
1471 1226 1582 1277 ἄξιος
1604 1226 1692 1270 Α-ί-

471 1295 660 1354 ἕκαστος]
687 1295 910 1353 [θυσάνων]
1089 1306 1185 1347 450.
1218 1295 1286 1352 τῇ]
1312 1297 1360 1353 τῇ
1385 1297 1509 1349 αἰγίδι

340 1374 439 1416 454.
472 1361 728 1422 γλαφυρῇσι]
755 1366 909 1407 κοίλαις
932 1365 1119 1415 βαθείαις
1210 1372 1308 1416 455.
1340 1361 1528 1421 ἀίδηλον]
1554 1363 1819 1416 ἆφανιστικόν

340 1443 438 1486 457.
471 1431 646 1490 χαλκοῦ]
670 1437 739 1485 τῆς
761 1435 989 1476 πανοπλίας

340 1504 441 1552 461.
472 1500 621 1558 Ἀσίῳ]
646 1504 689 1543 ἐν
711 1503 764 1557 τῷ
787 1505 857 1553 τῆς
877 1501 1022 1544 Ἀσίας
1046 1502 1237 1558 συμφύτῳ
1260 1503 1369 1558 τόπῳ

215 1583 264 1608 20
341 1572 439 1623 469.
474 1571 665 1625 ἁδινάων]
692 1576 771 1612 τῶν
793 1571 892 1622 ἅδην
914 1569 978 1612 καὶ
1001 1575 1187 1624 δαψιλῶς
1219 1571 1461 1623 πετομένων·
1496 1574 1590 1614 ὅθεν
1612 1572 1675 1613 καὶ
1697 1570 1819 1612 δασύ-

286 1657 396 1682 νεται

340 1719 439 1762 474.
472 1707 660 1766 αἰπόλια]
695 1711 908 1762 αἷγονόμια
941 1708 1112 1762 μεγάλα,
1139 1711 1200 1750 ὅτι
1239 1711 1282 1751 ἐν
1311 1709 1550 1761 διαστήματι
1580 1710 1644 1751 καὶ
1673 1708 1818 1750 πλάτει

285 1780 473 1822 πλείονες
495 1778 681 1830 νέμονται
711 1781 750 1820 αἱ
777 1779 888 1832 αἶγες
909 1779 1000 1819 Α--

343 1848 532 1890 αἰπόλιον
552 1847 715 1900 λέγεται
737 1847 782 1888 τὸ
803 1852 882 1888 τῶν
898 1849 1022 1901 αἰγῶν
1039 1850 1207 1899 πλῆθος,
1230 1851 1414 1899 ποίμνιον
1430 1851 1475 1888 τὸ
1492 1852 1570 1888 τῶν
1587 1846 1818 1900 προβάτων,

216 1934 264 1973 25
285 1917 486 1968 συβόσιον
507 1916 552 1957 τὸ
569 1921 647 1957 τῶν
660 1917 821 1971 χοίρων,
839 1917 1059 1968 βουκόλιον
1081 1921 1125 1957 τὸ
1147 1921 1225 1958 τῶν
1241 1920 1365 1968 βοῶν,
1381 1917 1659 1969 ἱπποφόρβιον
1678 1920 1723 1956 τὸ
1740 1919 1819 1956 τῶν

285 1987 419 2028 ἵππων
439 1985 518 2025 ΑΒ
530 2005 571 2022 =

1036 2107 1077 2143 Γ.

348 2198 380 2226 1.
414 2189 434 2207 “
454 2184 575 2238 αὐτάρ
594 2183 614 2199 ”
650 2185 874 2236 σύνδεσμος
906 2189 1201 2237 συμπλεκτικὸς
1234 2187 1484 2236 ἷσοδυναμῶν
1515 2186 1568 2240 τῷ
1607 2185 1661 2235 δέ,
1697 2185 1818 2241 ταύτῃ

982 2261 1007 2276 ‘3
1059 2254 1068 2268 2
1111 2253 1120 2270 l
1159 2254 1182 2269 n
1332 2254 1340 2269 ι
1534 2255 1544 2269 e
1603 2256 1615 2269 x
1685 2253 1694 2268 Ι
1732 2255 1742 2269 e

1025 2271 1146 2306 αυταρ
1215 2271 1491 2306 προτασσεται
1526 2271 1546 2294 ο
1576 2257 1619 2294 δε
1651 2257 1692 2295 δε
1722 2271 1817 2295 υπο-

286 2255 328 2294 δὲ
370 2253 571 2306 διαφέρων
609 2254 739 2304 αὐτοῦ,
771 2253 792 2305 ᾗ
826 2255 846 2294 ὁ
877 2255 950 2306 μὲν

217 2345 267 2380 30
285 2322 482 2364 τάσσεται
499 2323 590 2362 A=

446 2389 667 2448 κόσμηθεν]
695 2395 883 2444 Δωρικῶς
904 2391 944 2432 Α
959 2401 992 2435 4

446 2458 512 2510 ἅμ’
533 2458 823 2516 ἡγεμόνεσσιν]
848 2459 934 2510 ἤτοι
955 2460 1031 2500 ὑπὸ
1054 2463 1132 2501 τῶν
1153 2459 1362 2513 ἡγεμόνων
1383 2458 1405 2511 ἢ
1429 2460 1505 2501 σὺν
1527 2463 1609 2502 τοῖς

345 2541 383 2583 3.
416 2528 603 2580 οὐρανόθι
626 2525 722 2584 πρό]
747 2532 822 2581 πρὸ
845 2532 913 2568 τοῦ
937 2528 1048 2581 ἀέρος

344 2610 384 2647 4.
415 2594 613 2653 χειμῶνα]
637 2597 706 2638 τὸν
727 2601 956 2651 χειμερινὸν
977 2598 1101 2638 τόπον
1124 2597 1212 2648 ἤτοι
1233 2598 1306 2649 τὴν
1323 2596 1488 2652 Θρᾴκην
1503 2598 1591 2641 A÷

219 2678 267 2716 35
346 2667 385 2707 6.
419 2663 686 2722 Πυγμαίοισι]
721 2667 968 2719 πυγονιαίοις
1000 2666 1180 2720 πηχέοις,
1218 2666 1306 2717 ἤτοι
1342 2667 1420 2707 ἀπὸ
1457 2667 1666 2719 Πυγμαίου
1696 2671 1819 2718 βασι-

286 2735 390 2777 λέως
425 2735 524 2774 οὕτω
562 2734 831 2786 κεκλημένοις·
870 2735 1006 2788 πυγὼν
1037 2737 1079 2775 δὲ
1112 2739 1292 2776 καλεῖται
1325 2736 1346 2775 ὁ
1377 2738 1519 2788 πῆχυς,
1557 2739 1601 2775 τὸ
1633 2736 1712 2775 ἀπὸ
1745 2736 1817 2788 ἆγ-

289 2807 412 2845 κῶνος
435 2803 508 2845 ἕως
530 2803 736 2844 δακτύλων
757 2806 826 2854 τῆς
846 2803 981 2857 χειρὸς
1004 2803 1216 2855 διάστημα.
1263 2804 1350 2845 ἔστι
1383 2806 1425 2845 δὲ
1455 2804 1568 2846 ἔθνος
1589 2807 1819 2857 γεωργικῶν

288 2872 509 2924 ἀνθρώπων
535 2876 685 2925 μικρῶν
718 2872 1004 2914 κατοικούντων
1035 2874 1090 2915 εἷς
1119 2875 1167 2913 τὰ
1195 2872 1381 2915 ἀνωτάτω
1403 2872 1500 2925 μέρη
1524 2874 1591 2922 τῆς
1613 2872 1818 2925 Αἰγύπτου

332 2977 361 3040 ἓ.
387 2966 516 3041 πρὸςΒτὸ
534 2969 621 3001 AD:
647 2967 707 3008 πρὸ
725 2972 738 3006 Η
758 2976 786 3009 7.
803 2972 958 3009 corrupta
983 2972 995 3006 Η
1024 2978 1072 3005 20,
1095 2978 1145 3001 21.
1162 2968 1349 3000 δασῦνονται
1374 2972 1386 3006 Η
1409 2978 1456 3010 29.
1474 2968 1560 3008 αὐτῷ
1581 2971 1593 3006 Η
1613 2976 1664 3008 35.
1689 2979 1817 3007 πυγονι-

287 3022 333 3048 μα
347 3022 389 3041 οις
406 3016 440 3041 ut
