1939 3227
245 122 330 160 490
808 123 1035 161 ΙΛΙΑΔΟΣ
1069 123 1114 162 A.
1146 119 1160 175 <
1179 123 1197 160 1
1219 119 1233 176 >

248 234 461 286 σύμβολον
492 237 561 274 τοῦ
598 236 770 286 καθαροῦ
807 235 870 275 καὶ
899 234 1090 286 ἀμιάντου
1125 233 1212 285 ἤτοι
1248 234 1315 283 τῆς
1348 234 1501 285 ἀρετῆς.
1543 234 1777 287 ὡπλισμένη

247 304 288 343 δὲ
321 301 551 348 πλάττεται,
585 302 648 342 καὶ
680 302 803 344 οὕτως
836 303 1068 355 ἱστοροῦσιν
1099 302 1221 352 αὐτὴν
1252 301 1474 355 γεγονέναι,
1514 302 1779 355 παριστάντες

247 372 290 411 ἐκ
321 370 462 411 τούτου
495 371 555 411 ὅτι
588 369 782 423 αὐτάρκης
809 371 872 411 καὶ
905 370 1138 422 ὡπλισμένη
1172 371 1285 412 ἐστὶν
1316 369 1338 420 ἡ
1372 371 1569 423 φρόνησις
1591 375 1688 423 πρὸς
1710 373 1780 414 τὰς

244 439 440 492 μεγίστας
473 439 538 480 καὶ
574 437 896 492 δυσχερεστάτας
929 437 1104 491 πράξεις.
1147 440 1212 479 διὰ
1249 438 1392 489 ταύτην
1428 438 1501 489 τὴν
1543 440 1674 480 αἰτίαν
1716 440 1779 480 καὶ

203 516 225 554 5
247 508 292 548 τὸ
319 507 532 561 γοργωπὸν
559 507 645 561 ἔχει
675 507 738 547 καὶ
761 507 804 547 τὸ
837 508 1018 559 ἀνδρεῖον
1041 507 1104 547 καὶ
1133 507 1178 547 τὸ
1204 511 1433 560 γλαυκῶπις
1452 507 1659 560 λέγεσθαι·
1701 511 1780 548 τῶν

244 576 321 630 γὰρ
344 579 491 629 θηρίων
511 578 559 617 τὰ
581 576 848 627 ἀλκιμώτατα,
872 576 922 618 ὡς
943 575 1107 618 λέοντες
1131 577 1194 617 καὶ
1224 575 1454 629 παρδάλεις,
1476 575 1639 617 τοιαῦτά
1661 577 1777 618 εἰσιν.

246 646 454 698 ἱστόρηται
496 647 537 686 δὲ
577 645 731 699 ἔχουσα
765 644 968 697 προτομὴν
1011 645 1206 698 Γοργόνος
1251 647 1349 685 κατὰ
1390 645 1434 685 τὸ
1470 644 1594 695 μέσον
1631 647 1778 696 στῆθος

245 716 310 755 διὰ
341 719 386 755 τὸ
422 714 570 767 γοργὸν
601 716 670 764 τῆς
708 712 946 765 φρονήσεως
983 711 1058 763 ἔξω
1096 716 1432 765 προβεβληκυῖαν
1468 713 1541 764 τὴν
1568 717 1778 767 γλῶσσαν,

247 784 297 826 ὡς
328 783 377 824 ἂν
406 782 707 835 ἐκφανεστάτου
740 783 853 824 ὄντος
883 783 925 822 ἐν
952 783 999 837 τῇ
1028 786 1106 823 τῶν
1132 782 1293 824 πάντων
1315 783 1520 837 οἰκονομίᾳ
1545 787 1614 823 τοῦ
1638 783 1777 837 λόγου.

179 862 226 886 10
247 853 474 893 ἀνατίθεται
504 852 545 892 δὲ
575 852 670 906 αὐτῇ
701 852 765 892 καὶ
791 850 814 901 ἡ
842 854 1000 904 γλαῦκα
1025 853 1090 892 διὰ
1123 851 1167 892 τὸ
1200 852 1370 904 ἐμφερὲς
1398 855 1477 893 τῶν
1501 851 1688 903 ὀμμάτων
1716 852 1780 892 καὶ

247 923 284 962 οἱ
306 920 527 974 δράκοντες·
562 919 812 972 σμερδαλέον
836 922 912 972 γὰρ
940 921 960 960 ὁ
986 919 1140 972 δράκων
1167 919 1328 972 δέδορκε
1361 921 1425 961 καὶ
1457 920 1502 960 τὸ
1532 919 1781 972 φυλακτικὸν

246 991 345 1044 ἔχει,
369 993 547 1032 τοιοῦτος
570 991 612 1030 δὲ
643 990 708 1030 καὶ
735 990 755 1028 6
783 989 989 1042 φρόνιμος.
1032 990 1140 1029 ἀλλὰ
1168 990 1232 1030 καὶ
1258 989 1458 1042 ἄγρυπνος
1489 990 1510 1029 6
1537 989 1690 1041 δράκων
1716 989 1780 1030 καὶ

245 1057 314 1098 οὐκ
347 1055 560 1109 εὐθήρατός
592 1056 717 1098 ἐστιν·
752 1059 930 1098 τοιοῦτος
961 1056 1003 1096 δὲ
1037 1055 1100 1096 καὶ
1139 1056 1159 1095 6
1196 1055 1404 1108 φρόνιμος·
1440 1054 1525 1095 “οὐ
1554 1055 1632 1108 χρὴ
1652 1053 1671 1069 ”
1704 1056 1780 1108 γὰρ

247 1130 269 1148 “
290 1125 508 1178 παννύχιον
539 1125 666 1165 εὕδειν
692 1124 958 1176 βουληφόρον
987 1123 1109 1175 ἄνδρα
1124 1121 1144 1138 ”
1169 1121 1241 1178 (Il.
1268 1136 1303 1165 2.
1328 1122 1412 1178 24).
1454 1122 1618 1176 λέγεται
1649 1123 1692 1163 δὲ
1719 1123 1781 1163 καὶ

179 1202 225 1241 15
247 1193 470 1247 Ἀτρυτώνη
504 1193 555 1235 ὡς
582 1193 636 1244 μὴ
662 1191 853 1245 τρυομένη
888 1192 951 1232 καὶ
978 1191 1302 1243 καταπονουμένη
1344 1190 1411 1232 ὑπ’
1448 1191 1606 1234 οὐδενὸς
1643 1190 1778 1232 πόνου·

246 1261 545 1313 ἀκαταπόνητος
581 1263 656 1315 γὰρ
695 1263 715 1301 ὁ
752 1262 957 1313 φρόνιμος.
1002 1261 1111 1301 ἀλλὰ
1150 1260 1214 1302 καὶ
1249 1259 1509 1314 Τριτογένεια
1536 1259 1696 1313 λέγεται
1730 1260 1782 1302 ὡς

244 1335 327 1374 τοῖς
358 1334 491 1373 κακοῖς
524 1332 755 1384 ἐγγεννῶσα
786 1329 830 1370 τὸ
862 1332 969 1381 τρεῖν
1001 1328 1064 1370 καὶ
1105 1328 1454 1381 φοβεῖσθαι-ἆεὶ
1489 1330 1565 1382 γὰρ
1592 1327 1782 1379 πολέμιός

245 1403 333 1442 ἐστι
362 1400 460 1452 πρὸς
484 1399 556 1450 τὴν
584 1396 806 1449 κακίαν-ἢ
833 1398 884 1441 ὥς
910 1400 958 1438 τὰ
987 1398 1075 1451 τρία
1100 1397 1192 1451 γένη
1222 1401 1300 1438 τῶν
1327 1396 1564 1449 σκεμμάτων
1588 1399 1658 1448 τῆς
1684 1396 1782 1438 κατὰ

246 1469 504 1523 φιλοσοφίαν
537 1468 703 1520 θεωρίας
734 1471 929 1521 γεννῶσα,
957 1471 1001 1507 τὸ
1036 1467 1344 1519 φυσιολογικόν,
1372 1466 1417 1506 τὸ
1449 1469 1687 1519 θεολογικὸν
1719 1466 1783 1506 καὶ

178 1554 225 1578 20
246 1538 533 1590 μαθηματικόν.
577 1538 685 1578 ἀλλὰ
711 1535 775 1577 καὶ
801 1536 823 1587 ἡ
853 1537 972 1577 ἐλαία
997 1536 1118 1591 ταύτῃ
1142 1534 1344 1576 ἀνάκειται
1373 1537 1438 1576 διὰ
1459 1534 1503 1576 τὸ
1526 1536 1587 1576 ἀεὶ
1614 1534 1783 1576 θάλλειν

245 1607 437 1663 (Cornut.
461 1606 603 1646 Theol.
626 1620 658 1646 e.
685 1618 738 1647 20
763 1619 802 1658 p.
826 1615 880 1659 35
904 1603 973 1660 L.)

308 1677 400 1728 196.
433 1675 572 1728 ἄμφω]
597 1673 659 1715 καὶ
681 1674 750 1716 τὸν
772 1673 1048 1727 Ἀγαμέμνονα
1071 1673 1135 1714 καὶ
1156 1673 1225 1714 τὸν
1244 1671 1447 1726 Ἀχιλλέα

307 1755 402 1800 197.
436 1746 559 1795 κόμης
581 1741 668 1799 ἕλε]
693 1744 793 1784 ὅπου
815 1747 859 1783 τὸ
880 1742 1127 1795 λογιστικόν,
1151 1742 1332 1783 διδάσκει

437 1812 583 1863 ξανθῆς
616 1813 658 1853 δὲ
694 1809 835 1867 κόμης]
874 1810 1078 1852 τουτέστιν
1115 1809 1345 1861 ἐπελάβετο
1376 1809 1399 1859 ἡ
1433 1809 1629 1861 φρόνησις
1665 1808 1783 1850 αὐτοῦ

179 1895 226 1932 25
248 1886 315 1923 τοῦ
352 1881 601 1933 ξανθοκόμου
635 1880 865 1934 Ἀχιλλέως
909 1880 972 1920 καὶ
1015 1878 1265 1919 κατέπαυσεν
1301 1878 1432 1919 αὐτόν.
1477 1876 1704 1930 ὑπογράφει
1740 1877 1783 1917 δὲ

245 1952 339 2003 ἡμῖν
371 1951 440 1992 τὸν
469 1949 669 2003 Ἀχιλλέα
701 1951 744 1991 ἐν
769 1949 922 1991 τούτοις
952 1950 1066 2004 ψυχῇ
1098 1965 1140 1989 τε
1174 1946 1236 1988 καὶ
1269 1947 1434 1999 σώματι,
1463 1948 1576 2002 ψυχῇ
1608 1944 1694 1997 μέν,
1723 1947 1784 1986 ὅτι

247 2018 468 2072 θυμοειδής,
493 2021 533 2060 ἐκ
558 2021 626 2059 τοῦ
650 2020 777 2060 εἰπεῖν
806 2018 924 2059 αὐτὸν
958 2016 1220 2068 ξανθόκομον·
1254 2017 1291 2056 οἱ
1321 2018 1397 2069 γὰρ
1427 2014 1666 2066 ξανθόκομοι
1694 2013 1782 2065 ὀξύ-

247 2095 364 2143 χολοι
398 2088 450 2131 ὡς
480 2086 815 2140 ὑπερωπτημένον
843 2087 1004 2140 ἔχοντες
1035 2085 1080 2126 τὸ
1111 2087 1208 2136 αἷμα
1240 2083 1303 2125 καὶ
1334 2084 1406 2135 τὴν
1437 2082 1583 2137 χολήν,
1613 2087 1710 2135 πρὸς
1737 2083 1783 2134 ἧς

250 2159 483 2210 ποιούμεναι
511 2158 554 2197 αἵ
581 2173 623 2197 τε
655 2157 769 2206 κόμαι
802 2154 864 2196 καὶ
896 2155 943 2195 τὰ
974 2155 1139 2205 σώματα
1166 2154 1399 2206 χρώζονται,
1425 2152 1487 2194 καὶ
1513 2152 1616 2206 (τὰ)
1642 2155 1719 2192 τῶν
1742 2153 1783 2191 ἐκ

182 2245 230 2280 30
251 2229 318 2277 τῆς
347 2227 538 2279 μελαίνης
566 2227 694 2279 χολῆς
722 2225 867 2276 ὁμοίως
898 2228 997 2276 πρὸς
1028 2223 1072 2264 τὸ
1097 2222 1355 2274 μελάντερον·
1387 2222 1561 2262 κάκεῖνοι
1586 2221 1628 2261 δὲ
1653 2220 1786 2272 ἄγριοί

251 2297 332 2336 εἶσι
356 2296 419 2336 καὶ
441 2294 680 2346 βαρύθυμοι.
719 2294 783 2334 καὶ
804 2296 988 2345 ψυχικῶς
1010 2293 1082 2343 μὲν
1105 2292 1204 2331 οὕτω
1227 2290 1518 2343 χαρακτηρίζει·
1552 2292 1785 2340 σωματικῶς

251 2365 293 2405 δὲ
326 2365 368 2404 ἐκ
400 2366 468 2403 τοῦ
499 2361 645 2415 λέγειν,
675 2362 736 2402 ὅτι
765 2363 902 2403 ἁπλῶς
940 2359 1083 2410 ξανθὸς
1121 2359 1184 2399 καὶ
1221 2359 1378 2410 πυρρός.
1420 2361 1597 2399 τοιοῦτος
1633 2357 1708 2410 γὰρ
1737 2356 1785 2407 ἦν

249 2431 481 2486 Ἀχιλλεύς,
516 2428 796 2483 μακροσκελής
831 2446 873 2469 τε
910 2430 974 2469 καὶ
1010 2427 1101 2478 ὀξὺς
1145 2426 1207 2468 καὶ
1249 2427 1419 2478 εὐμήκης
1454 2426 1596 2467 λευκός
1637 2442 1679 2466 τε
1721 2425 1785 2466 καὶ

250 2498 600 2551 ὑπεσπανισμένος
621 2498 666 2539 τὸ
687 2497 841 2551 γένειον

185 2590 232 2626 35
314 2582 403 2623 199.
436 2569 535 2619 μετὰ
556 2566 587 2608 δ’
612 2563 822 2622 ἔτραπετο]
845 2565 932 2616 ἤτοι
960 2564 1233 2618 περιεστράφη
1257 2568 1341 2604 A:

314 2651 408 2680 200.
439 2632 673 2691 Ἀθηναίην]
698 2633 878 2676 Ἰωνικῶς
1056 2631 1112 2690 οἶ]
1136 2634 1184 2674 τὰ
1206 2634 1324 2684 αὐτῆς

447 2701 708 2760 <φάανθεν>]
733 2704 875 2756 φαίνω,
905 2703 1089 2755 ἀόριστος
1122 2702 1313 2754 ἐφάνθην,
1336 2701 1380 2742 τὸ
1408 2701 1540 2753 τρίτον
1568 2701 1786 2752 πρόσωπον

304 2880 334 2913 7,
353 2874 382 2903 8.
407 2871 446 2901 τὸ
468 2870 568 2910 μέσον
584 2870 641 2908 τῆς
663 2868 736 2900 θεᾶς
757 2866 806 2898 διὰ
827 2866 865 2898 τὸ
882 2879 914 2907 7.
931 2879 959 2897 τ.
978 2873 1030 2907 φρ.
1048 2865 1098 2896 καὶ
1123 2866 1160 2896 τὸ
1187 2866 1303 2905 στῆθος
1327 2865 1448 2905 ἔχουσα
1473 2863 1531 2903 ἔξω
1550 2863 1601 2894 καὶ
1626 2864 1729 2901 προβ.,
1746 2862 1785 2893 cf.

259 2919 357 2947 Corn.
385 2919 397 2953 Η
426 2925 476 2947 10.
504 2912 608 2954 Ὑλαύξ
626 2914 722 2944 Corn.
750 2915 761 2950 ΙΙ
780 2910 931 2951 ὀμμάτων
949 2912 1066 2942 Corn:
1092 2909 1257 2948 ὀνομάτων
1283 2913 1294 2947 Ι]
1324 2919 1372 2941 11.
1389 2907 1451 2949 ’γὰρ
1467 2909 1586 2938 Cor11.:
1610 2905 1642 2936 δὲ
1671 2911 1683 2944 Η
1708 2910 1784 2945 φυλ.

260 2972 289 2989 τι
307 2961 405 2990 Corn.
428 2964 439 2997 11
464 2967 579 2998 24—34.
597 2967 711 2997 margo
732 2955 962 2986 circumeissus:
989 2954 1138 2994 supplevi
1156 2955 1258 2985 tacite
1276 2964 1315 2984 ex
1337 2954 1365 2984 L
1390 2956 1402 2991 ΙΙ
1432 2952 1480 2982 28.
1499 2949 1752 2991 ὺπεροπτημένον
1773 2953 1784 2986 ΙΙ

264 3013 312 3043 29.
339 3003 444 3043 suppl.
463 3002 504 3031 W
527 3006 539 3039 Η
568 3001 607 3031 ὡς
624 2999 673 3030 καὶ
691 2999 753 3030 τῶν
771 2998 806 3029 ἐκ
822 2998 850 3029 L
876 3001 887 3035 ΙΙ
916 2998 965 3037 36.
991 2997 1046 3035 τῆς
1061 2997 1158 3034 αὐτῆς
