1939 3227
672 118 895 155 ιΛιΑΔοΣ
932 119 976 156 E.
1010 115 1094 170 (5)
1568 115 1653 155 509

173 244 270 288 501.
304 230 477 288 ἑτάροιο]
502 232 618 273 ἕνεκα

173 303 271 354 506.
304 299 483 358 νεκρούς]
507 301 596 343 τοὺς
620 301 741 343 ἰδίους
763 298 798 338 Β
813 308 848 344 4-
984 308 1080 352 507.
1113 298 1310 352 προτέρω]
1334 299 1537 351 ἔμπροσθε

173 369 272 423 508.
305 367 539 426 Περγάμου]
565 371 607 410 ἐκ
629 372 698 420 τῆς
720 368 975 422 ἀκροπόλεως
997 368 1037 407 Α
1051 377 1086 411 -l-

173 448 271 491 509.
305 437 449 495 εἴκετε]
474 440 719 492 ὑποχωρεῖτε

173 517 224 560 51
238 520 272 549 ῐ.
305 505 572 564 ταμεσίχροα]
597 507 788 558 τέμνοντα
808 510 878 547 τὸν
899 509 1034 560 χρῶτα
1675 516 1697 555 5

174 587 272 630 517.
304 577 620 630 Ἀμαρυγκείδην
642 574 819 632 Διώρεα]
842 575 1095 629 Ἀμαρύγκου
1117 577 1241 615 παῖδα
1263 575 1422 627 Διώρην

173 654 271 697 520.
305 644 585 702 Ἰμβρασίδης]
610 648 703 688 παῖς
722 644 947 697 Ἰμβράσου
1129 641 1319 700 Αἰνόθεν]
1345 645 1423 684 ἀπὸ
1444 645 1514 694 τῆς
1532 645 1656 684 Αἴνου

173 724 271 768 522.
304 712 574 771 ἀπηλοίησεν]
599 718 805 756 παντελῶς
830 713 1039 766 ἀπέκοψεν

173 784 271 835 526.
302 784 480 837 χολάδας
502 785 550 824 τὰ
577 783 716 836 ἔντερά
748 789 888 835 φησιν,
912 782 1050 834 ἐπειδὴ
1084 783 1140 825 εἷς
1172 781 1271 823 αὐτὰ
1304 783 1442 834 συρρεῖ
1471 782 1494 832 ἡ
1529 780 1654 832 ξανθὴ

113 851 234 906 χολή,
267 856 382 893 τοῦτο
413 852 753 905 μηχανησαμένης
787 853 855 901 τῆς
888 852 1049 903 φύσεως
1085 855 1183 904 πρὸς
1219 855 1263 892 τὸ
1301 852 1655 904 διαθερμαίνεσθαι
1678 862 1725 886 10

115 922 213 963 αὐτὰ
245 922 291 976 τῇ
325 921 526 974 δριμύτητι
560 921 679 971 αὐτῆς
723 920 821 973 πρὸς
856 921 928 971 τὴν
962 921 1176 972 ἀπόκρισιν
1214 924 1293 960 τῶν
1334 919 1653 972 περιττωμάτων·

113 989 268 1041 ἤμελλε
291 990 367 1044 γὰρ
389 992 530 1043 ψυχρὰ
552 991 648 1031 ὄντα
670 990 715 1045 τῇ
739 988 878 1041 κράσει
901 989 1004 1042 ἀργὰ
1028 988 1164 1041 μένειν
1198 989 1261 1029 καὶ
1292 988 1492 1040 μηδέποτε
1523 991 1655 1030 ποιεῖν

114 1059 186 1110 τὴν
209 1060 434 1111 ἀπόκρισιν.
477 1062 639 1099 τοιαῦτα
660 1060 736 1110 γὰρ
758 1060 807 1098 τὰ
828 1058 1001 1110 νευρώδη
1025 1056 1157 1099 πάντα
1178 1057 1265 1102 Α-ὶ-

173 1137 272 1181 527.
306 1125 607 1184 ἀπεσσύμενον]
633 1128 1004 1178 ἀπαλλαττόμενον,
1027 1127 1304 1179 ἀπερχόμενον

171 1208 269 1251 529.
302 1194 547 1253 ἀγχίμολον]
573 1198 615 1237 ἐκ
637 1200 705 1237 τοῦ
727 1196 934 1249 σύνεγγυς,
956 1193 1041 1248 μετ’
1063 1195 1108 1236 οὐ
1129 1196 1234 1236 πολύ
1678 1204 1725 1242 15

172 1274 268 1321 533.
305 1262 598 1322 <ἀκρόκομοι>]
623 1264 710 1316 ἤτοι
737 1264 865 1317 ἄκρως
897 1269 1094 1316 κομῶντες
1116 1263 1139 1315 ἢ
1164 1266 1202 1305 οἱ
1231 1264 1286 1316 μὴ
1320 1268 1519 1316 κομῶντες
1550 1264 1654 1318 ἄγαν

113 1337 213 1387 μηδὲ
235 1335 359 1376 πάλιν
380 1334 625 1387 ἐψιλωμένοι
647 1334 720 1385 τὴν
743 1332 926 1386 κεφαλήν

172 1414 270 1459 534.
301 1401 447 1459 μέγαν]
473 1403 664 1456 εὐμεγέθη

172 1483 271 1528 535.
305 1469 548 1529 πελεμίχθη]
572 1472 660 1523 ἤτοι
682 1475 764 1515 τοῖς
787 1469 957 1528 πέλ[ας]
984 1473 1047 1514 καὶ
1069 1475 1152 1515 τοῖς
1175 1473 1336 1515 οἰκείοις
1359 1473 1502 1527 ἐμίχθη

173 1552 270 1596 539.
304 1539 441 1599 ἔργον]
465 1541 534 1582 τὸν
556 1544 736 1593 πόλεμον
1676 1555 1726 1581 20

864 1673 911 1711 Ε.

173 1776 212 1814 4.
246 1764 351 1818 δαῖε]
386 1765 540 1806 ἐδαίετο
575 1764 622 1814 ἦν
660 1764 724 1805 καὶ
762 1763 977 1816 ἀφαιρέσει
1019 1766 1088 1814 τῆς
1124 1762 1144 1805 ἒ
1179 1764 1244 1805 καὶ
1280 1763 1464 1819 ἀποκοπῇ
1504 1765 1574 1814 τῆς
1609 1764 1655 1804 τΤ)

117 1838 137 1855 “
156 1837 242 1875 δαῖε
257 1833 278 1847 ”

173 1916 211 1956 9.
245 1903 427 1957 ἀφνειός]
451 1905 536 1944 οἷον
558 1904 738 1950 ἀπενεός,
762 1904 782 1943 ὁ
804 1904 857 1955 μὴ
881 1904 1098 1954 πενόμενος

177 1984 242 2013 12.
276 1970 334 2028 οἳ]
359 1973 447 2014 ἀντὶ
469 1976 536 2012 τοῦ
560 1972 755 2023 Διομήδει
1676 1992 1724 2029 25

275 2038 576 2096 ἀποκρινθέντε]
601 2045 668 2081 τοῦ
691 2041 837 2081 οἰκείου
859 2039 1038 2091 πλήθους

176 2123 241 2164 19.
272 2107 534 2166 μεταμάζιον]
557 2112 657 2160 μετὰ
678 2113 757 2150 τῶν
777 2110 912 2161 μαζῶν

274 2176 375 2236 ὦσε]
401 2179 560 2220 ἀπέωσε
584 2180 647 2220 καὶ
671 2178 899 2230 κατέβαλεν
1020 2191 1086 2221 21.
1109 2177 1348 2235 περιβῆναι]
1373 2182 1651 2234 περιμαχῆσαι

174 2249 239 2291 26.
262 2248 469 2303 κατάγειν]
481 2249 748 2300 ἐμφαίνει,ὄτι
767 2249 810 2290 ἐν
824 2248 1038 2303 κοιλοτέρῳ
1052 2251 1160 2305 τόπῳ
1176 2249 1276 2301 ἦντὸ
1291 2248 1591 2300 ναύσταθμονΒ
1605 2258 1640 2293 -1-

173 2331 240 2373 30.
259 2318 384 2370 Ἀρης
407 2320 594 2369 σημαίνει
617 2316 660 2358 ε’”
693 2317 762 2359 τὸν
775 2319 965 2369 πόλεμον,
982 2318 1033 2360 ὡς
1055 2322 1099 2358 τὸ
1114 2322 1134 2339 “
1153 2319 1218 2359 ἵνα
1242 2317 1473 2371 ξυνάγωμεν
1489 2317 1653 2371 ”Αρηα”
1674 2338 1724 2373 30

114 2386 185 2442 (Il.
211 2399 248 2427 2.
273 2387 388 2443 381),
412 2387 480 2428 τὸν
503 2391 730 2438 σωματικὸν
762 2388 865 2438 θεόν,
888 2387 940 2430 ὣς
968 2387 1012 2428 τὸ
1044 2386 1197 2440 “Ἀρες
1225 2387 1344 2440 'Apes'
1374 2385 1652 2441 βροτολοιγέ”

114 2455 221 2511 (31),
243 2456 288 2496 τὸ
309 2460 471 2508 τραῦμα,
495 2462 518 2478 “
534 2457 630 2497 ἔνθα
660 2456 781 2509 γίνετ’
803 2456 927 2509 Ἀρης
959 2457 1168 2510 ἀλεγεινὸς
1200 2458 1392 2509 ὀιζυροῖσι
1423 2460 1611 2510 βροτοῖσι
1630 2456 1652 2470 ”

114 2523 181 2580 (Il.
210 2538 274 2579 13.
297 2523 413 2579 569),
435 2525 504 2566 τὸν
526 2525 702 2577 σίδηρον,
728 2525 778 2567 ὡς
799 2525 844 2566 τὸ
867 2530 888 2547 “
906 2528 1071 2577 αἵματος
1094 2526 1191 2566 ἆσαι
1210 2525 1340 2577 Ἀρηα
1370 2526 1610 2578 ταλαύρινον
1629 2523 1650 2538 ”

115 2593 249 2650 (289),
271 2594 315 2634 τὸ
339 2596 470 2646 κυρίον
493 2595 618 2645 ὄνομα
645 2593 826 2645 Ἀρητος,
849 2594 900 2637 ὦς
929 2599 973 2635 τὸ
998 2595 1205 2647 ((Ἀρητον
1235 2595 1280 2636 δέ
1312 2593 1395 2635 κατ’
1418 2595 1507 2635 αὖθι
1528 2595 1652 2635 λίπον

115 2662 406 2716 δεδαϊγμένον”
430 2660 501 2718 (ΙΙ.
529 2674 591 2715 17.
615 2662 719 2718 535)
1671 2680 1720 2717 35

175 2733 240 2787 36.
273 2729 441 2788 ἠιόεντι]
468 2733 520 2786 τῷ
544 2732 750 2785 αἰγιαλοὺς
773 2733 837 2774 καὶ
861 2734 1005 2787 ὄχθους
1029 2734 1166 2787 ἔχοντι

175 2811 243 2856 37.
277 2798 365 2857 ἕλε]
391 2802 583 2852 ἐφόνευεν

173 2884 243 2920 44.
275 2867 453 2926 Τάρνης]
478 2871 598 2912 πόλις
619 2871 776 2922 Λυδίας,
798 2871 821 2922 ἡ
846 2875 915 2914 νῦν
936 2872 1103 2925 Σάρδεις
1127 2870 1350 2922 καλουμένη
1375 2869 1505 2909 AB:

161 2964 188 2996 7.
213 2955 275 2985 ἀπὸ
291 2955 348 2985 τοῦ
381 2959 394 2993 Η
432 2964 478 2986 11.
498 2954 651 2997 διάκρισιν
669 2957 699 2987 D
734 2960 746 2994 ΙΙ
783 2965 830 2998 17.
850 2957 931 2996 μήτε
949 2962 987 2989 ut
1011 2958 1042 2988 D
1068 2961 1080 2994 ΙΙ
1110 2966 1158 2997 25.
1177 2955 1363 2995 Διομήδους,
1381 2956 1420 2987 cf.
1439 2956 1470 2987 D
1494 2959 1507 2993 Η
1535 2965 1584 2996 34.
1603 2955 1650 2987 ὅν.

111 2999 210 3039 Ἀρης
222 2999 358 3038 '‘Apu-ros
374 2999 413 3029 ὡς
430 2998 468 3028 τὸ
480 2998 600 3039 Ἀρητα
620 3004 632 3038 ΙΙ
651 2999 680 3029 κ’
695 2999 805 3031 αὐτόθι
