1939 3227
629 99 856 137 ΙΛΙΑΔΟΣ
890 99 934 137 Ε.
967 96 1052 153 (5)
1524 94 1607 133 513

136 219 234 263 501.
269 209 400 268 κρίνῃ]
424 211 637 267 διαχωρίζῃ
815 218 913 262 504.
945 206 1198 266 ἐπέπληγον]
1222 208 1429 251 ἀνεκίνουν

136 288 234 333 505.
267 280 343 321 ὑπὸ
365 280 396 321 δ’
422 280 622 333 ἔστρεφον
641 276 850 335 ἡνιοχῆες]
875 277 925 319 δι’
947 280 1205 331 ὑποστροφῆς

137 347 234 400 506.
268 346 372 406 ἰθύς]
397 348 484 392 κατ’,
502 349 660 391 εὐθεῖαν
857 344 996 403 νύκτα]
1021 347 1218 399 ἆορασίαν

135 417 235 469 508.
268 415 516 474 χρυσαόρου]
539 420 608 458 τοῦ
627 415 974 471 χρυσοφασγάνου

136 494 234 538 521.
269 483 407 542 ἰωκάς]
433 485 604 539 κραυγὰς
624 484 797 527 α’πειλᾶς
818 482 842 535 ἢ
864 484 935 526 τὰς
958 484 1002 526 ἐν
1024 483 1078 538 τῷ
1099 482 1264 538 πολέμῳ
1287 481 1443 533 διώξεις
1464 494 1542 522 ree.
1631 490 1654 527 5

134 562 234 605 524.
267 551 457 610 ἀτρέμας]
479 554 614 608 ἡσυχῆ

136 632 232 676 553.
265 620 488 679 ἀρνυμένω]
513 620 975 673 ἀντικαταλλασσομένω
997 619 1151 663 τούτοις

136 699 233 744 554.
267 692 337 732 οἵω
360 691 412 731 τώ
435 709 480 744 γε
501 690 640 732 λέοντε
662 688 759 747 δύω]
784 690 891 731 οὗτοι
913 690 956 731 δὲ
978 690 1094 731 ὁποῖο
1115 688 1277 732 λέοντες
1301 688 1377 730 δύω

135 767 233 812 555.
264 759 464 812 ταρφέσιν
480 757 598 816 ὕλης]
623 760 893 810 πυκνώμασιν,
911 757 990 800 ἀπὸ
1011 761 1080 799 τοῦ
1101 759 1246 811 τείρειν
1267 758 1339 810 τὴν
1355 757 1466 810 ἁφὴν
1486 755 1510 809 ἢ
1532 756 1612 798 ἀπὸ

80 827 205 881 (τοῦ)
230 827 450 881 ταράσσειν
471 830 520 869 τὰ
542 828 625 880 φάη
1634 833 1682 859 10

135 904 234 950 557.
267 895 392 954 ὄφρα]
417 897 490 940 ἕως
665 905 761 950 559.
793 894 908 953 τοίω]
932 899 1103 937 τοιοῦτοι

135 966 235 1018 567.
268 963 431 1023 πόνοιο]
455 968 524 1017 τῆς
547 966 748 1019 ἐνεργείας
769 970 836 1006 τοῦ
855 964 1033 1016 πολέμου

135 1033 233 1088 568.
261 1035 313 1075 τὼ
335 1032 426 1091 μέν]
450 1035 558 1076 οὗτοι
578 1034 653 1086 μέν

136 1113 233 1157 574.
265 1101 338 1160 τώ]
361 1103 521 1146 τούτους
696 1100 837 1158 δειλώ]
860 1102 950 1145 τοὺς
972 1102 1200 1155 ἀθλ<ί>ους

135 1171 233 1226 584.
265 1169 416 1229 ἤλασε]
441 1171 671 1226 ἕκρου<σ>ε
849 1168 1017 1227 κόρσην]
1043 1172 1182 1224 κυρίως
1204 1171 1224 1210 ὁ
1248 1170 1448 1223 κρόταφος
1635 1174 1681 1211 15

136 1240 234 1295 586.
287 1245 309 1263 “
326 1240 568 1295 κύμβαχος”
606 1244 652 1281 τὸ
694 1238 897 1290 σκεπάζον
937 1239 982 1281 τὸ
1022 1239 1194 1293 βρέγμα,
1238 1241 1346 1292 παρὰ
1385 1242 1430 1280 τὸ
1473 1242 1612 1292 κῢφον,

78 1309 263 1352 τουτέστι
284 1309 328 1351 τὸ
350 1309 577 1363 περιφερές·
617 1309 748 1362 κύμβη
769 1311 846 1363 γὰρ
867 1308 890 1360 ἡ
916 1307 1074 1361 κεφαλή

135 1379 233 1432 588.
267 1378 356 1432 ὄφρ’
380 1376 509 1435 ἵππω]
535 1379 607 1422 ἕως
629 1380 667 1419 οἱ
842 1375 1066 1434 πλήξαντε]
1090 1377 1289 1430 τύψαντες

135 1448 233 1500 589.
266 1445 407 1505 ἵμασε]
431 1446 603 1499 μάστιξε

137 1527 234 1572 592.
265 1517 395 1558 Ἐνυώ
418 1516 573 1567 ἐστινὴ
599 1518 755 1558 ε’νιεῖσα
776 1515 900 1568 θυμὸν
922 1513 986 1556 καὶ
1019 1515 1147 1567 ἀλκὴν
1178 1517 1261 1558 τοῖς
1290 1513 1546 1569 μαχομένοις·
1589 1513 1612 1565 ἢ
1634 1522 1683 1548 20

79 1588 180 1627 κατὰ
208 1585 464 1639 εὐφημισμὸν
493 1585 572 1627 ἀπὸ
600 1588 669 1626 τοῦ
690 1585 837 1636 ἥκιστα
867 1584 984 1636 ἐνηὴς
1011 1584 1075 1626 καὶ
1097 1584 1275 1635 ἐπιεικὴς
1297 1584 1399 1625 εἶναι
1420 1582 1613 1640 (Cornut.

77 1669 111 1696 c.
137 1667 188 1697 21
212 1669 251 1708 p.
274 1667 330 1706 40
353 1653 422 1710 L.)

136 1731 232 1779 599.
265 1721 401 1781 ἀφρῷ]
434 1724 722 1775 ὀνοματοποιία
751 1723 771 1763 ὁ
793 1723 952 1775 τρόπος·
985 1723 1064 1763 ἀπὸ
1086 1725 1155 1763 τοῦ
1185 1722 1327 1775 ψόφου
1359 1725 1426 1762 τοῦ
1459 1724 1503 1764 ἐν
1532 1725 1615 1764 τοῖς

77 1794 197 1835 ὕδασι
217 1792 429 1847 γινομένου
450 1807 528 1835 ree.

139 1862 234 1915 605.
266 1859 540 1918 τετραμμένοι]
564 1860 788 1913 βλέποντες
810 1874 888 1901 rec.
1634 1864 1682 1901 25

141 1931 238 1973 612.
272 1931 432 1973 Παισός
463 1931 582 1973 πόλις
602 1930 759 1982 Τροίας,
781 1928 830 1981 ἢν
852 1930 895 1971 ἐν
917 1929 1062 1972 ἄλλοις
1084 1927 1285 1970 Ἀπαισὸν
1316 1928 1616 1982 προσηγόρευεν

79 1998 150 2055 (11.
176 2011 213 2041 2.
242 1998 343 2055 828)

141 2068 238 2110 618.
273 2069 338 2109 ἐπὶ
370 2067 523 2120 δούρατ’
548 2064 713 2123 ἔχευαν]
747 2069 931 2119 δαψιλῶς
963 2066 1217 2119 ἐπέπεμψαν·
1249 2065 1503 2119 ἡμεταφορὰ
1535 2066 1614 2107 ἀπὸ

79 2141 149 2178 τοῦ
169 2139 289 2191 ὑγροῦ
1633 2151 1683 2188 30

141 2206 240 2261 623.
275 2203 527 2262 ἀμφίβασιν]
551 2204 621 2255 τὴν
641 2203 918 2258 ὑπερμάχεσιν

141 2276 237 2317 626.
272 2274 590 2330 (χασσάμενος)
627 2271 873 2329 πελεμίχθη]
913 2274 1013 2314 κατὰ
1050 2272 1313 2325 ἀναστροφὴν
1344 2274 1495 2325 εἴρηται
1528 2273 1615 2313 ἀντὶ

81 2348 150 2385 τοῦ
172 2342 431 2397 πελεμιχθεὶς
453 2342 681 2396 ἀνεχάσατο
703 2356 780 2383 ree.

141 2412 237 2455 628.
267 2410 559 2469 Τληπόλεμον]
582 2417 661 2453 τῶν
680 2412 859 2466 Ἀχαιῶν
880 2410 928 2462 ἧν

142 2481 240 2534 629.
273 2479 520 2538 Σαρπηδόνι]
544 2485 623 2522 τῶν
643 2481 791 2533 Τρώων
814 2480 862 2531 ἤν
1009 2480 1104 2531 644.
1136 2476 1285 2535 ἄλκαρ]
1309 2478 1491 2531 ἀλέξημα
1515 2492 1593 2519 rec.
1634 2491 1682 2530 35

143 2551 240 2602 654.
275 2550 438 2603 <”Αιδι>
465 2547 730 2605 κλυτοπώλῳ]
761 2549 805 2590 οὗ
828 2548 994 2601 κλυτὴὴ
1024 2549 1289 2599 ἐπιπώλησις,
1322 2549 1409 2589 οἷον
1438 2548 1614 2599 ἅκουστὴ

87 2621 152 2660 διὰ
173 2621 242 2661 τὰς
265 2620 331 2660 ἐπὶ
352 2622 434 2661 τοῖς
458 2621 649 2659 θανοῦσιν
671 2617 844 2671 οἰμωγάς
866 2621 984 2666 ΑΒ-Ι-

143 2688 238 2729 661.
273 2685 574 2743 <μαιμώωσα>]
597 2686 684 2737 ἤτοι
715 2690 783 2727 τοῦ
814 2688 978 2739 αἵματος
1008 2689 1227 2740 γευστικῶς
1256 2686 1421 2739 ἔχουσα,
1443 2683 1466 2735 ἢ
1490 2688 1615 2736 “μαι-

82 2755 268 2809 μώωσα”
293 2755 415 2806 ὀξέως
438 2757 601 2808 ὁρμῶσα
622 2759 655 2795 Α
670 2764 704 2799 4-

134 2845 159 2866 1.
185 2834 362 2874 διαχωρίζει
390 2839 401 2872 ΙΙ
431 2842 458 2875 7.
487 2833 734 2865 ἀντικαταλασῦ’
757 2834 810 2873 μοί
831 2834 963 2866 τοῦτους
988 2835 1053 2875 legi
1081 2838 1092 2872 ΙΙ
1118 2844 1148 2875 9.
1166 2832 1349 2871 πυκνώμασι
1367 2832 1418 2863 D:
1443 2843 1498 2862 -τα
1524 2836 1536 2869 Η
1566 2841 1614 2863 10.

87 2879 238 2920 supplevi
261 2890 299 2909 ex
325 2880 356 2909 Ι)
384 2882 395 2915 Η
424 2887 472 2909 21.
496 2876 704 2918 εὐφημησμὸν
729 2882 740 2915 ΙΙ
767 2878 855 2918 ἐνηὴς
878 2878 929 2909 καὶ
956 2877 1090 2916 ἐπιεικὴς
1114 2880 1234 2908 Com:
1261 2876 1353 2914 εὐνῆς
1376 2875 1428 2905 καῖ
1453 2875 1618 2906 ἐπιεικείας

86 2923 151 2963 legi
178 2926 190 2960 ΙΙ
218 2931 268 2961 32.
294 2921 414 2962 εἴρηται
432 2923 483 2954 D:
510 2923 552 2952 εἷς
571 2921 609 2951 τὸ
635 2926 646 2960 ΙΙ
675 2921 724 2960 36.
744 2923 764 2961 ἡ
783 2923 832 2954 D:
858 2922 896 2952 ὡς
923 2926 934 2959 ΙΙ
961 2921 1152 2958 ἐπιπώλησις
1170 2921 1219 2951 D:
1246 2920 1428 2959 ε’πιπόλησις
1453 2922 1464 2956 ΙΙ
1493 2920 1544 2959 38,
1562 2928 1612 2959 39.

87 2967 310 3007 supplementi
327 2967 434 2997 instar
451 2966 493 2996 ad
510 2966 609 2996 schol.
629 2966 754 3005 primae
771 2976 890 2996 manus
906 2966 1021 2996 addita
1047 2969 1059 3002 ΙΙ
1087 2965 1136 3003 38.
1161 2963 1231 3002 ἤτοι
1249 2967 1322 3004 post
1338 2974 1371 3001 μ.
1389 2963 1483 2993 omisi

147 3022 236 3052 VOL.
264 3022 315 3050 vl.
827 3022 848 3047 L
869 3009 880 3048 1
