1939 3227
257 119 343 159 538
794 118 1020 156 ΙΛΙΑΔΟΣ
1054 116 1100 158 Ξ.
1133 113 1149 171 (
1169 114 1249 171 14)

317 231 386 284 36.
419 228 440 270 b
463 229 698 271 συνέκλειον
731 230 771 270 αἱ
802 231 871 269 τοῦ
891 227 1204 280 Ἑλλησπόντου
1226 228 1353 281 ἄκραι,
1376 228 1420 268 τὸ
1442 226 1634 269 Ῥοίτειον
1657 228 1721 269 καὶ
1743 227 1789 268 τὸ

259 299 421 352 Σίγειον
440 298 531 338 A:

317 376 385 422 37.
418 364 555 423 ἀυτῆς]
579 368 672 419 περί

316 444 384 488 57.
418 433 635 492 ἀλίαστον]
659 435 866 477 ἄπαυστον
1042 447 1108 486 71.
1139 432 1256 491 ᾔδεα]
1278 433 1390 490 ᾔδειν

214 519 238 558 5
318 514 385 558 77.
417 502 512 561 ὕψι]
538 504 602 557 ἐφ’
623 505 729 557 ὕψος
905 503 972 555 78.
1007 501 1180 559 ἀβρότη]
1205 503 1424 555 ἀμβροσία,
1449 502 1548 550 θεία,
1573 501 1755 554 ἀμβρότη

320 574 386 615 82.
418 577 496 626 δρῶ
518 573 563 614 τὸ
584 572 728 624 βλέπω
750 575 834 626 δρᾶ,
857 572 908 615 ὡς
928 572 1060 625 μίσγω
1075 573 1208 624 μίγδα,
1227 572 1291 612 καὶ
1312 571 1504 613 σύνθετον
1520 573 1564 612 δὲ
1579 568 1789 622 “ὑπόδρα”

318 642 385 693 84.
418 639 637 698 ἀεικελίου]
663 640 1022 694 εὐκαταφρονήτου,
1047 639 1232 683 εὐτελοῦς

318 724 413 761 104.
444 708 580 767 ἐνιπῇ]
605 712 651 766 τῇ
676 709 889 760 ἐπιπλήξει

320 793 413 834 109.
447 780 511 820 διὰ
533 780 572 819 τί
594 783 663 821 νῦν
681 778 885 830 Διομήδης
903 776 1186 830 συμβουλεύει,
1207 777 1270 817 καὶ
1288 776 1332 817 οὗ
1348 775 1537 828 Νέστωρ;
1564 776 1629 816 καί
1645 780 1791 828 φαμεν,

191 867 238 892 10
259 849 319 890 ὅτι
342 848 385 889 τὸ
407 850 530 902 γῆρας
551 849 595 889 ἐν
615 851 698 890 τοῖς
720 850 865 889 δεινοῖς
887 848 999 887 ἐστιν
1017 846 1288 899 ἐπισχετικόν,
1304 845 1327 895 ἡ
1346 846 1389 886 δὲ
1406 845 1543 895 νεότης
1561 847 1793 896 θαρσαλεω-

258 916 364 970 τέρα·
409 917 545 959 ἄλλως
577 933 620 958 τε
652 917 716 957 καὶ
750 914 953 967 Διομήδης
985 916 1028 955 ἐν
1060 916 1106 970 τῇ
1139 913 1307 969 προτέρᾳ
1339 914 1550 969 συμβουλῇ
1583 911 1651 967 (Π.
1676 926 1714 966 9.
1738 924 1792 967 32

257 984 367 1041 sqq.)
413 986 658 1038 θαυμασθεὶς
707 988 777 1027 νῦν
831 987 991 1036 μᾶλλον
1046 982 1263 1035 τεθάρρηκε
1319 983 1383 1023 καὶ
1434 981 1665 1035 προήρπακε
1715 985 1794 1022 τῶν

258 1054 547 1108 πρεσβυτέρων
567 1057 657 1097 τοῦς
678 1054 826 1107 λόγους
846 1052 938 1093 A:

322 1137 413 1164 110.
448 1124 493 1164 οὐ
515 1125 615 1174 δηθὰ
634 1123 898 1175 ματεύσομεν,
924 1123 967 1163 αἵ
989 1138 1031 1162 κε
1060 1117 1224 1176 θέλητε]
1259 1119 1303 1160 οὐ
1328 1121 1461 1172 πόρρω
1489 1117 1794 1171 ἐπιζητήσομεν,

192 1209 239 1248 15
259 1193 330 1234 ἐὰν
352 1192 497 1244 θέλητε

321 1274 417 1303 112.
448 1258 638 1317 γενεῆφι]
662 1260 707 1315 τῇ
733 1259 871 1314 ἡλικία

323 1343 418 1381 114.
452 1329 498 1370 ὃν
521 1329 693 1384 Θήβῃσι
718 1328 820 1382 χυτὴ
855 1329 954 1368 κατὰ
984 1330 1081 1380 γαῖα
1113 1323 1326 1382 καλύπτει]
1361 1325 1403 1368 bs·
1435 1326 1477 1367 ἐν
1507 1325 1561 1380 τῷ
1595 1325 1794 1380 Θηβαϊκῷ

259 1398 424 1454 πολέμῳ
451 1399 592 1440 ἔθανεν

322 1469 417 1509 116,
450 1464 630 1523 αἰπεινῇ]
654 1467 861 1521 θαυμαστῇ
1043 1476 1136 1517 119.
1170 1460 1318 1520 νάσθη]
1343 1463 1552 1519 ἀπῳκίσθη

193 1556 242 1582 20
324 1549 416 1591 123.
451 1533 634 1592 ὄρχατοι]
661 1537 780 1586 κῆποι

324 1613 416 1658 125.
448 1607 496 1645 τὰ
518 1602 577 1660 δέ]
601 1607 723 1644 ταῦτα
745 1602 788 1644 δέ

323 1688 416 1730 129.
449 1674 545 1715 ἔνθα
570 1671 632 1729 δέ]
662 1674 744 1713 ἐκεῖ
765 1671 819 1721 δέ,
842 1671 942 1724 μετὰ
963 1674 1086 1711 ταῦτα

455 1740 661 1798 ἐχώμεθα]
689 1741 777 1792 ἤτοι
800 1740 1043 1793 ἀπεχώμεθα
1064 1739 1151 1783 Α-ζ-

327 1825 419 1867 130.
455 1812 565 1853 ἕλκεϊ
586 1808 722 1867 ἕλκος]
749 1811 801 1865 τῷ
824 1809 1015 1862 τραύματι
1036 1811 1186 1861 τραῦμα

195 1900 242 1936 25
325 1894 419 1935 131.
454 1877 672 1936 ἐνήσομεν]
696 1880 955 1930 ἐμβαλοῦμεν

325 1962 420 2005 132.
455 1947 584 2006 θυμῷ]
609 1947 875 2002 ἐπιθυμητικῷ
1055 1947 1147 2000 136.
1180 1943 1299 2001 μετά]
1324 1946 1422 1998 πρός
1445 1945 1532 1985 B=

326 2010 418 2070 142.
453 2021 603 2071 σίφλος
626 2019 646 2058 ὁ
669 2018 802 2071 ψόγος
822 2016 910 2060 Α-ι-

322 2089 474 2141 σίφλος
519 2086 607 2128 ἐστὶ
655 2087 700 2127 τὸ
744 2086 927 2138 ἄμορφον
970 2085 1202 2138 πρόσωπον,
1247 2082 1335 2134 ἤτοι
1391 2083 1503 2125 σίνος
1545 2099 1583 2124 τι
1624 2081 1713 2135 περὶ
1753 2082 1798 2124 τὸ

264 2158 497 2210 πρόσωπον·
540 2154 626 2197 ἐπεὶ
659 2158 736 2209 γὰρ
774 2156 795 2195 ὁ
827 2153 1047 2207 Ἀχιλλεὺς
1084 2153 1283 2206 εὔμορφος
1317 2151 1376 2203 ἧν,
1410 2152 1461 2194 ὡς
1494 2152 1576 2193 οἶδε
1612 2152 1674 2193 καὶ
1706 2151 1796 2204 παρ’

195 2247 246 2283 30
265 2227 418 2267 ἐκεῖνον
454 2225 522 2266 τὸν
559 2223 687 2277 Νιρέα
719 2223 789 2279 (Il.
825 2236 859 2266 2.
887 2221 1005 2278 673),
1048 2222 1112 2264 διὰ
1153 2223 1268 2262 τοῦτό
1305 2226 1446 2273 φησιν,
1490 2222 1549 2261 ὅτι
1590 2219 1798 2271 ποιήσειεν

265 2296 418 2336 ἐκεῖνον
444 2295 464 2334 ὁ
487 2294 577 2336 θεὸς
598 2293 782 2346 ἄμορφον

330 2370 422 2414 147.
471 2366 553 2404 πῶς
592 2363 612 2401 ὁ
650 2364 862 2402 Ποσειδῶν
898 2359 1104 2410 ὁμοιωθεὶς
1146 2357 1354 2414 πρεσβύτῃ
1395 2358 1492 2409 ὑπὲρ
1533 2357 1605 2408 τὴν
1636 2356 1798 2408 ἡλικίαν

266 2430 521 2484 φθέγγεται;
556 2431 622 2470 καί
641 2434 786 2481 φαμεν,
809 2429 869 2468 ὅτι
889 2429 935 2483 τῇ
961 2428 1035 2478 μὲν
1059 2428 1155 2479 ὄψει
1187 2426 1235 2478 ἧν
1255 2426 1499 2478 πρεσβύτης,
1528 2426 1574 2481 τῇ
1607 2427 1650 2467 δὲ
1683 2427 1797 2482 φωνῇ’

266 2500 338 2551 τὴν
363 2503 432 2540 τοῦ
454 2501 547 2539 θεοῦ
570 2496 714 2551 σχέσιν
737 2497 981 2537 ἐνεδείκνυτο
1007 2495 1097 2534 A=

197 2585 246 2625 35
328 2568 421 2619 156.
456 2562 814 2621 αὐτοκασίγνητον]
841 2564 1022 2616 ἀδελφὸν
1043 2567 1112 2604 τοῦ
1136 2564 1233 2606 Διός

460 2632 600 2691 δαέρα]
629 2634 769 2686 ἀνδρὸς
791 2633 972 2686 ἀδελφόν
993 2633 1084 2672 A=

330 2706 422 2757 158.
455 2701 682 2759 οἱ--θυμῷ]
707 2703 810 2756 αὐτῷ
832 2702 886 2756 τῷ

330 2774 424 2815 168.
456 2773 586 2826 ἄνωγε
605 2773 678 2824 μὲν
700 2769 1048 2824 προπαροξύτονον
1070 2771 1157 2812 ἀντὶ
1179 2773 1249 2811 τοῦ
1280 2769 1504 2819 ἐκέλευσεν,
1533 2768 1731 2824 ((ἀνῷγε”
1755 2770 1797 2809 δὲ

269 2843 574 2897 περισπώμενον
595 2841 681 2883 ἀντὶ
702 2844 771 2881 τοῦ
793 2838 962 2895 ἠνέῳξεν

451 2981 479 3011 5.
507 2969 555 3012 ἐφ’
574 2971 624 3002 D:
651 2970 702 3011 ὑφ’
729 2972 740 3008 ΙΙ
770 2978 819 3008 23.
843 2967 1034 3008 ἀπεχώμεθα
1052 2968 1102 3000 D:
1128 2966 1316 3008 ἀπελώμεθα
1342 2970 1353 3005 Η
1383 2966 1431 2998 26.
1457 2964 1613 3005 ἑπιθυμητ“
