1939 3227
191 116 266 158 viii
784 116 1131 159 PRAEFATIO.

191 231 309 279 dum
329 230 449 277 mihi
469 248 571 278 esse
595 230 752 289 video,
772 248 896 289 cum,
924 231 965 279 si
984 231 1032 278 A
1051 231 1130 280 vel
1149 232 1189 279 Β
1206 232 1283 280 vel
1308 239 1516 297 uterque
1541 238 1592 280 et
1609 232 1723 298 plus

190 314 241 356 et
281 308 445 356 minus
478 325 626 372 quam
660 308 699 356 T
737 308 789 355 in
824 327 922 356 uno
959 309 1227 374 eodemque
1259 310 1439 358 scholio
1475 310 1721 368 exhibent,

189 404 487 451 quamquam
505 392 723 451 poteram
743 405 869 434 novo
889 386 1028 452 signo
1056 399 1097 449 ,4-
1127 388 1400 452 adsumpto,
1418 387 1580 436 minus
1601 388 1723 436 illud

189 482 287 511 non
312 463 458 511 simul
486 464 537 511 in
563 464 784 528 margine
809 464 1054 513 adnotave
1083 466 1162 513 im.
1227 465 1414 525 Quodsi
1430 465 1540 530 quis
1566 465 1724 514 obiter

189 559 251 589 ex
271 542 381 590 solis
397 542 471 590 his
498 542 648 606 signis
674 543 732 590 de
752 542 909 606 pretio
928 542 1246 608 Townleyani
1264 544 1560 600 aestimaret,
1578 544 1725 591 missa

188 637 456 685 permagna
482 638 645 668 eorum
674 638 799 684 quae
824 621 1006 684 partim
1026 621 1228 685 quidem
1253 621 1477 669 tenuiora
1497 638 1557 669 ex
1582 629 1723 686 parte

188 702 353 745 tamen
377 698 457 746 vel
481 698 748 762 copiosiora
774 715 904 745 unus
930 698 1010 746 ille
1041 699 1261 746 servavit
1286 698 1420 755 serie,
1446 699 1724 747 aestimaret

189 793 455 840 perperam.
553 776 619 823 Et
678 775 847 822 audivi
893 776 990 824 iam
1038 775 1384 824 benevolentes
1443 777 1725 841 ceteroquin

187 854 332 910 viros,
357 854 537 918 quibus
563 853 738 918 prioris
754 853 1016 901 voluminis
1036 853 1223 901 dudum
1243 853 1435 901 finitam
1459 853 1724 902 editionem

187 930 511 988 ostenderam,
542 931 630 979 hac
658 949 756 995 qua
788 931 891 979 dixi
929 931 1117 980 ratione
1154 949 1249 979 non
1284 937 1415 979 recte
1452 932 1512 980 de
1552 931 1725 979 Town-

186 1007 359 1072 leyano
406 1009 690 1058 iudicantes.
787 1010 930 1070 Quod
977 1014 1182 1057 caveant
1229 1010 1314 1074 qui
1363 1009 1439 1057 his
1488 1013 1721 1058 utentur!

187 1087 472 1135 Tenendum
498 1088 647 1135 etiam
681 1095 756 1136 est
791 1107 869 1136 me
906 1088 956 1135 in
993 1088 1332 1152 comparandis
1369 1088 1611 1136 codicibus
1636 1088 1722 1136 AB

187 1164 480 1213 abstinuisse
506 1165 566 1213 de
592 1165 835 1214 industria
858 1166 1084 1214 manibus
1109 1166 1460 1214 recentioribus
1489 1165 1570 1230 (A2
1590 1166 1684 1230 B2).

257 1260 296 1304 3.
337 1243 539 1291 Novum
577 1243 849 1292 subsidium
885 1262 1012 1292 anno
1056 1249 1179 1305 1887
1209 1244 1508 1292 Schraderus
1545 1244 1724 1292 exami-

186 1328 301 1368 nato
344 1321 505 1369 codice
548 1321 881 1370 Laurentiano
922 1321 1045 1387 plut.
1093 1321 1295 1369 XXXII
1338 1339 1362 1383 3
1414 1322 1465 1369 in
1513 1321 1724 1370 Hermae

187 1398 510 1446 Berolinensis
545 1399 639 1447 vol.
666 1399 820 1447 XXII
845 1418 889 1464 p.
924 1404 1151 1461 282-299
1188 1399 1399 1464 protulit
1436 1406 1583 1447 antea
1618 1417 1725 1464 pro-

187 1477 451 1541 pemodum
493 1477 747 1541 neglecto:
799 1477 857 1526 de
900 1496 996 1542 quo
1039 1496 1164 1542 quae
1206 1478 1309 1542 ipse
1352 1478 1486 1525 brevi
1522 1477 1725 1526 Wachs-

186 1554 370 1603 muthii
405 1554 640 1603 relatione
677 1555 847 1604 Museo
880 1556 1118 1604 Rhenano
1144 1556 1322 1604 XVIII
1348 1573 1392 1620 p.
1429 1559 1517 1617 187
1544 1557 1726 1603 inserta

187 1632 302 1681 fisus
340 1634 618 1697 suspicatus
655 1651 786 1681 eram
824 1634 1013 1695 (Herm.
1043 1634 1168 1681 XIX
1194 1652 1237 1699 p.
1268 1635 1397 1697 287),
1423 1639 1725 1682 commutata

186 1711 372 1758 ratione
416 1711 772 1775 quodammodo
820 1712 1107 1776 corrigenda
1149 1729 1250 1759 esse
1286 1711 1391 1759 iure
1427 1711 1552 1758 idem
1595 1711 1724 1759 dixit

189 1787 498 1837 Schraderus.
576 1787 741 1836 Codex
788 1788 945 1854 igitur
985 1807 1019 1837 s,
1068 1789 1143 1836 XI
1193 1789 1417 1854 scriptus,
1455 1789 1643 1837 Veneto
1681 1788 1724 1836 Β

185 1866 349 1930 paullo
376 1866 639 1930 antiquior,
669 1866 800 1914 foliis
825 1871 920 1926 418
960 1867 1165 1915 Iliadem
1201 1884 1310 1915 cum
1349 1866 1540 1915 scholiis
1576 1867 1724 1914 conti-

186 1960 308 1991 nens
355 1962 453 1992 non
501 1962 562 1991 ex
611 1944 730 2009 ipsis
771 1945 812 1992 Β
856 1951 906 1992 et
951 1944 989 1991 T
1032 1945 1116 1993 sed
1157 1963 1219 1992 ex
1260 1944 1505 1992 communi
1549 1944 1723 1991 horum

186 2021 451 2086 archetypo
490 2022 720 2070 adcurate
757 2022 1032 2087 descriptus
1069 2027 1156 2077 est,
1200 2029 1256 2069 ut
1293 2022 1631 2070 deficientibus
1671 2021 1724 2068 in

187 2099 227 2146 Β
253 2100 436 2163 primae
464 2118 636 2147 manus
660 2099 788 2148 foliis
809 2104 887 2158 68,
909 2106 985 2160 69,
1012 2117 1114 2162 145,
1134 2101 1214 2148 i.e.
1237 2099 1410 2147 Iliadis
1433 2115 1473 2162 5.
1498 2105 1720 2160 260—353

187 2183 240 2224 et
289 2195 304 2224 1
323 2195 357 2225 1.
411 2183 650 2238 167—217,
694 2177 848 2242 proba
896 2178 1236 2242 supplementa
1282 2195 1344 2224 ex
1392 2177 1722 2224 Laurentiano

190 2255 487 2303 Schraderus
514 2255 616 2302 iure
642 2262 884 2319 repeteret
910 2273 954 2319 p.
984 2272 1228 2316 293—299.
1269 2254 1409 2310 Quod
1434 2255 1483 2301 in
1509 2255 1722 2303 editione

186 2350 285 2380 non
327 2333 423 2379 iam
469 2332 626 2390 licuit,
669 2331 1058 2380 Laurentianum
1094 2333 1144 2379 M
1181 2332 1440 2381 Scliraderi
1487 2350 1596 2380 cum
1633 2333 1721 2380 AT

188 2429 317 2458 nunc
342 2428 626 2475 componam
653 2430 660 2459 :

926 2562 982 2611 E.

258 2661 365 2719 258.
403 2659 551 2721 ἕτερός
587 2656 660 2721 γε]
696 2665 890 2718 ’γενναῖον
913 2657 969 2704 τὸ
997 2663 1130 2712 λῆμα,
1156 2659 1191 2703 εἰ
1213 2658 1271 2711 μὴ
1296 2658 1574 2722 ἀμφοτέρων,
1600 2657 1719 2703 ἀλλά

188 2754 241 2794 γε
264 2741 346 2781 τοῦ
369 2737 518 2796 ἑτέρου
542 2738 773 2799 κρατήσειν
798 2735 1101 2788 πεπεισμένου.
1155 2732 1245 2787 ἅμα
1277 2734 1321 2780 δὲ
1356 2735 1423 2780 καὶ
1451 2735 1721 2798 ἀνθρωπίνως

187 2814 234 2857 οὐ
253 2812 351 2874 περὶ
376 2817 460 2859 τῶν
486 2812 557 2858 δύο
577 2813 892 2876 ἀποφαίνεται,
918 2812 973 2858 τὸ
1000 2812 1042 2858 δὲ
1067 2812 1172 2857 ὅλον
1197 2814 1251 2873 τῇ
1278 2810 1444 2872 Ἀθηνᾷ
1467 2813 1721 2867 ἀνατίθησιν

187 2890 326 2937 BT:

414 2982 443 3006 1.
474 2972 589 3015 λῆμμα
609 2972 652 3006 ut
674 2968 739 3006 ΒΤ
771 2974 783 3014 [Ι
822 2982 852 3006 2.
875 2969 1100 3014 πεπεισμένου
1121 2967 1174 3004 T:
1206 2969 1386 3005 πέπεισται
1406 2972 1449 3006 ut
1472 2968 1502 3004 B
