1939 3227
297 130 383 169 494
848 130 1073 169 ΙΛΙΑΔΟΣ
1107 131 1149 168 A.
1184 127 1271 183 (1)

356 250 453 294 455.
486 240 655 299 ἐέλδωρ]
678 241 784 296 παρὰ
806 246 850 283 τὸ
873 240 1044 300 ἔλ[δειν]
1069 242 1162 283 αὐτὸ
1185 242 1248 283 καὶ
1271 241 1405 283 ἕλκειν

354 311 454 364 458.
489 308 727 368 οὐλοχύτας]
762 313 891 365 κριθαὶ
925 312 1023 364 μετὰ
1060 313 1170 353 ἁλῶν
1199 309 1446 364 μεμιγμέναι,
1478 310 1524 353 ἃς
1556 308 1726 364 ἐπέχεον
1756 313 1825 350 τοῦ

299 380 626 433 ἱερουργουμένου
649 379 747 435 ζῴου
768 384 852 421 A—

355 458 454 501 459.
487 447 703 506 αὐέρυσαν]
729 451 787 492 εἷς
806 450 982 491 τούπίσω
1004 448 1093 491 τοὺς
1115 447 1339 503 τραχήλους
1360 451 1438 490 τῶν
1461 447 1568 503 ζῴων
1589 451 1671 492 Α-Ι-

256 540 277 576 5
355 518 453 568 461.
489 519 690 572 (δίπτυχα
721 516 1012 575 ποιήσαντες>]
1049 515 1368 574 [δι]πλώσαντες
1399 514 1509 573 [τὴν]
1540 517 1721 558 κνίσσαν·
1760 520 1827 558 νῦν

295 587 338 627 δὲ
362 583 516 644 [λήγει
537 591 606 630 τὸν
626 588 823 629 ἐπίπλουν

485 656 548 698 ἐπ’
581 656 708 699 αὐτῶν
736 655 770 697 δ’
793 653 1068 713 ὠμοθέτησαν]
1103 654 1162 696 ἐπ’
1196 655 1324 697 αὐτῶν
1354 656 1396 696 δὲ
1426 655 1541 707 ὠμῶν
1571 659 1648 696 τῶν
1675 655 1828 707 ἱερείων

296 723 566 776 ἀπαρξάμενοι
599 725 754 777 ἔκοψαν
783 725 923 777 μικρὸν
954 726 1032 766 ἀπὸ
1065 724 1211 767 παντὸς
1241 724 1388 775 μέλους
1420 725 1484 765 καὶ
1514 723 1712 775 ἐπέθηκαν
1741 721 1827 779 [ἐπὶ

295 792 341 833 τὰ
365 794 486 845 μηρία
508 794 559 836 ὡς
580 797 710 835 δοκεῖν
732 795 809 835 ὅλα
829 793 877 834 τὰ
899 794 1002 846 μέλη
1024 797 1093 835 τοῦ
1116 794 1262 847 ἱερείου
1284 791 1553 850 καρποῦσθαι]
1578 796 1612 833 Α
1626 802 1661 838 4-

230 883 277 906 10
355 862 454 912 462.
487 863 551 904 ἐπὶ
575 860 762 920 σχίζῃσι]
786 862 873 914 ἤτοι
895 864 960 905 ἐπὶ
983 864 1134 916 σχιζῶν
1156 866 1241 903 A=

504 932 524 972 6
544 929 692 988 γέρων]
717 933 737 972 ὁ
758 931 983 976 Ὀδυσσεὺς
1003 931 1026 983 ἢ
1050 933 1070 972 ὁ
1095 932 1221 984 ἱερεύς

351 1001 449 1055 463.
481 998 756 1059 πεμπώβολα]
780 1002 1023 1053 ὀβελίσκους

482 1071 753 1122 πεμποόβολα
776 1068 878 1127 '‘fi-'15
901 1069 964 1112 καὶ
986 1074 1191 1123 κιρνῶνται
1217 1068 1304 1127 [τὰ]
1329 1071 1397 1111 δύο
1418 1071 1464 1110 δ’ὁ
1487 1071 1542 1112 εἰς
1559 1079 1587 1109 ὠ
1608 1068 1712 1122 μέγα

352 1139 449 1188 466.
483 1137 696 1196 ἐρύσαντο]
720 1138 869 1190 ἔξωθεν
1041 1142 1141 1193 469.
1174 1140 1261 1192 ἔρος
1281 1143 1351 1180 τοῦ
1373 1140 1462 1192 ἔρου
1483 1139 1553 1181 τὸν
1574 1140 1664 1192 ἔρον

229 1227 275 1260 13
485 1210 583 1259 ἵημι,
611 1210 632 1248 ὁ
662 1208 826 1260 μέλλων
856 1209 955 1260 ἥσω,
982 1210 1002 1248 6
1035 1209 1217 1262 ἀόριστος
1248 1208 1308 1260 ἣν,
1332 1210 1352 1249 6
1373 1208 1494 1260 μέσος
1520 1208 1630 1261 ἕμην,
1652 1207 1697 1248 τὸ
1722 1212 1827 1258 πλη-

297 1281 480 1319 θυντικὸν
501 1278 623 1328 ἕμεθα
643 1278 738 1319 ἔσθε
761 1282 780 1299 “
798 1278 885 1320 ἕντο
900 1276 920 1292 ”
938 1277 978 1317 A
991 1287 1025 1322 -Ι-

352 1345 450 1397 482.
484 1344 644 1403 στείρῃ]
668 1348 824 1400 τρόπιδι
846 1347 1030 1392 A=B÷

484 1414 571 1466 ἤτοι
603 1416 675 1467 τὴν
707 1415 876 1468 στερεᾶν
903 1417 966 1457 καὶ
998 1416 1153 1458 ἄτονον.
1196 1416 1352 1469 στέρρα,
1387 1417 1450 1457 καὶ
1482 1416 1579 1458 κατὰ
1613 1417 1829 1468 ἀποβολὴν

296 1488 366 1525 τοῦ
389 1484 475 1527 ἑνὸς
495 1487 518 1537 β
541 1485 605 1526 καὶ
627 1484 846 1538 προσθέσει
870 1488 937 1525 τοῦ
968 1491 984 1525 ῖ
1011 1489 1159 1538 στεῖρα.
1202 1483 1226 1537 ἢ
1253 1488 1294 1527 ἐν
1314 1484 1338 1537 ᾗ
1362 1486 1613 1538 στηρίζονται
1634 1484 1682 1526 τά
1703 1484 1828 1527 λοιπὰ

228 1572 275 1595 20
297 1552 428 1595 πάντα
456 1555 524 1604 τῆς
557 1556 661 1605 νηός,
689 1552 713 1604 ἢ
742 1554 814 1605 τὴν
837 1557 997 1606 στεῖραν
1019 1554 1145 1596 οὖσαν
1167 1555 1218 1598 ὡς
1247 1555 1300 1607 μὴ
1335 1555 1511 1609 ἔχουσαν
1542 1555 1677 1608 ἕτερον
1708 1554 1830 1606 ξύλον

295 1624 434 1674 ὅμοιον
454 1623 574 1679 ταύτῃ

479 1690 726 1750 πορφύρεον]
747 1692 877 1744 μέλαν
1051 1691 1162 1750 ἴαχε]
1185 1693 1277 1748 ἤχει

355 1761 455 1815 483.
487 1759 819 1818 διαπρήσσουσα]
846 1765 1077 1815 διαπερῶσα
1099 1766 1181 1808 Α-ἰ-

355 1843 453 1883 491.
487 1828 751 1888 φθινύθεσκε]
771 1831 998 1884 διέφθειρεν
1171 1843 1269 1885 497-
1301 1830 1431 1889 ἠερίη]
1456 1832 1504 1874 δι’
1530 1833 1641 1886 ἀέρος

230 1911 277 1948 25
355 1909 452 1953 501.
485 1899 748 1958 ἀνθερεῶνος]
771 1905 841 1942 τοῦ
861 1903 1106 1955 ὑπογενείου,
1130 1903 1195 1943 διὰ
1216 1902 1288 1954 τὴν
1311 1901 1527 1954 ἐξάνθησιν
1547 1906 1625 1944 τῶν
1646 1906 1795 1956 τριχῶν

356 1979 453 2023 509.
486 1968 636 2027 τόφρα]
662 1971 728 2011 ἐπὶ
749 1973 943 2012 τοσοῦτον
965 1974 1050 2010 A=
1233 1970 1331 2023 518.
1365 1969 1481 2028 ἔργα]
1507 1972 1620 2013 ἔσται

484 2037 674 2095 ἐφήσεις]
699 2041 926 2092 ἐποτρυνεῖς
1101 2048 1198 2092 524.
1230 2037 1356 2096 ὄφρα]
1381 2041 1486 2083 ὅπως

485 2110 555 2149 ἐὰν
577 2108 768 2158 πεποίθω,
792 2109 862 2150 ἐὰν
883 2109 1078 2164 πεποίθῃς

357 2179 454 2230 526.
488 2182 508 2198 “
529 2175 750 2234 [τέ]κμωρ”
789 2174 852 2233 [τὸ
881 2175 1173 2233 ἀποτέΙλεσμα·
1209 2175 1393 2234 [τέκμ]αρ
1424 2181 1469 2218 τὸ
1502 2175 1754 2235 [τεκ]μήριον
1783 2181 1829 2218 τὸ

230 2261 277 2296 30
300 2245 508 2303 [σημεῖ]ον

354 2326 452 2369 530.
484 2312 781 2371 ἐπερρώσαντο]
806 2316 1055 2365 ἐσείσθησαν
1077 2318 1161 2354 A:

483 2386 537 2438 ῥῶ
560 2384 604 2424 τὸ
627 2387 718 2424 κινῶ
741 2385 804 2424 καὶ
828 2384 938 2431 σείω,
961 2385 981 2423 ὁ
1001 2383 1165 2434 μέλλων
1188 2384 1317 2437 ῥώσω,
1341 2384 1361 2423 6
1384 2383 1570 2435 ἀόριστος
1592 2383 1749 2436 ἔρρωσα

356 2463 453 2509 531.
485 2452 633 2506 τμήγω,
664 2454 684 2492 6
714 2451 875 2503 μέλλων
903 2450 1049 2503 τμήξω,
1077 2453 1097 2491 ὁ
1129 2451 1254 2503 μέσος
1286 2453 1572 2505 παρακείμενος
1606 2452 1770 2506 ἕτμηγα,
1805 2453 1826 2492 ὁ

301 2523 480 2575 δεύτερος
512 2522 697 2572 ἀόριστος
730 2521 913 2574 ἕτμαγον,
939 2521 959 2560 ὁ
988 2521 1205 2571 παθητικὸς
1238 2521 1414 2574 ἐτμάγην
1439 2520 1502 2562 καὶ
1530 2525 1575 2562 τὸ
1597 2523 1729 2574 τρίτον
1750 2525 1828 2562 τῶν

229 2607 278 2645 35
299 2594 576 2643 πληθυντικῶν
599 2591 698 2631 κατὰ
720 2589 927 2643 συγκοπὴν
949 2594 971 2612 “
988 2588 1193 2643 ἔτμαγεν”

356 2661 454 2715 538.
486 2660 620 2700 ἁλίοιο
642 2656 845 2714 γέροντος]
870 2657 1032 2710 Νηρέως
1206 2668 1304 2713 543.
1338 2656 1507 2715 νοήσῃς]
1530 2658 1658 2715 μάθῃς

356 2730 451 2782 546.
485 2725 682 2784 χαλεποί]
707 2730 915 2780 δυσχερεῖς
1090 2736 1187 2779 547.
1220 2725 1284 2784 ὅν]
1308 2730 1433 2779 μῦθον

358 2798 455 2850 548.
488 2794 697 2853 πρότερος]
723 2799 797 2837 σοῦ
915 2805 1011 2849 553·
1043 2794 1252 2852 μεταλλῶ]
1272 2797 1439 2847 ἐπιζητῶ
1463 2799 1782 2849 πολυπραγμονῶ

355 2867 453 2920 562.
487 2870 512 2889 “
529 2867 608 2907 ἀπὸ
630 2867 752 2917 θυμοῦ
763 2863 783 2880 ”
805 2866 854 2905 τὰ
875 2864 999 2917 ἐχθρά

352 2960 382 2982 2.
406 2950 569 2992 repetitur
592 2949 696 2989 κριθάς
722 2953 733 2987 Η
767 2958 795 2989 3.
819 2947 1061 2989 ἱερουργημένου
1087 2953 1098 2987 ΙΙ
1125 2950 1155 2988 8,
1184 2959 1213 2990 9.
1236 2949 1342 2980 recisa
1366 2949 1518 2990 supplevi
1545 2959 1585 2980 ex
1610 2948 1638 2980 L
1664 2951 1676 2987 ΙΙ
1706 2949 1754 2980 18.
1777 2947 1828 2980 ἅτ.

307 2993 443 3033 στερρεά
469 2997 481 3032 Η
510 3003 559 3032 24.
583 2995 603 3033 ἡ
619 2997 699 3024 ante
715 2991 752 3023 δι’
769 2993 862 3024 omisi
889 2996 901 3029 ΙῙ
930 3002 979 3033 29,
998 3001 1047 3030 30.
1072 2994 1176 3024 recisa
1192 2993 1342 3033 supplevi
1359 3003 1399 3023 ex
1415 2991 1444 3023 L
