1939 3227
131 234 228 280 355.

132 294 230 348 378·

634 114 862 154 ΙΛΙΑΔΟΣ
893 116 924 153 1.
956 111 1049 170 (9)
1525 115 1608 154 523

260 223 365 283 οἷον]
389 225 500 278 ἅπαξ
518 229 603 266 A=
786 226 880 281 358.
914 224 1086 283 νηήσας]
1110 227 1317 279 σωρεύσας
1342 230 1427 268 A=

263 296 511 348 τίω-καρὸς
536 293 652 351 αἴσῃ]
679 293 702 345 ἢ
733 295 776 335 ἐν
807 294 918 345 τάξει
940 294 1112 336 θανάτου
1142 295 1326 349 ἡγοῦμαι,
1348 295 1384 347 ἤ,
1409 295 1461 339 ὥς
1493 296 1605 347 ἔνιοι,

74 363 118 404 ἐν
134 362 245 414 τάξει
260 365 526 417 μισθοφόρου,
549 364 600 407 ὡς
625 364 778 415 ἄτιμον·
810 368 960 417 πρῶτοι
981 366 1057 417 γὰρ
1077 368 1205 417 Κᾶρες
1227 366 1292 406 ἐπὶ
1311 367 1444 421 μισθῷ
1460 366 1605 418 ἐστρα-

74 431 274 482 τεύθησαν
296 431 359 473 καὶ
381 432 524 484 ἔδοξαν
546 433 647 474 εἶναι
669 433 899 484 ἀτιμότατοι
926 446 1003 473 ree.
1027 436 1061 473 A
1076 443 1110 477 4-

132 501 226 554 398.

131 581 231 619 4ο2.

260 499 436 558 ἀγήνωρ]
461 502 639 554 ἀνδρεῖος
1628 517 1650 557 5

263 567 472 626 ἐκτῆσθαι]
504 572 719 621 κεκτῆσθαι
748 570 939 623 ὤφειλεν,
963 570 1072 611 ἀλλά
1100 571 1187 613 ἐστι
1219 575 1298 612 τῶν
1329 569 1534 619 Ἀττικῶν,
1568 573 1607 612 οἱ

74 639 117 679 δὲ
137 637 314 680 Ἀττικοὶ
336 638 592 690 ἐκβάλλουσι
612 643 657 679 τὸ
679 639 898 691 σύμφωνον

130 719 226 757 404.

262 705 544 764 <ἆφήτορος>]
568 706 591 759 ἢ
614 708 876 761 ὁμοφήτορος,
900 709 1045 760 ὁμοίως
1069 711 1172 750 πᾶσι
1193 709 1516 761 προφητεύοντος
1544 711 1609 751 καὶ

72 775 378 829 μαντευομένου,
401 778 453 831 τῷ
477 794 520 818 τε
540 776 681 827 πένητι
703 777 767 818 καὶ
789 778 971 832 πλουσίῳ
995 781 1029 818 Α
1043 786 1077 822 -1-

130 857 187 896 42
190 854 230 897 5.

70 930 149 955 σαν
179 915 217 955 οἱ
243 915 252 928 ‘

260 846 378 886 τοῦτό
399 847 540 896 φησιν,
562 846 623 887 ὅτι
651 846 800 898 ματαία
821 847 933 887 ἐστὶν
954 846 1087 889 αὐτοῖς
1108 847 1244 900 γνώμη
1268 848 1377 899 αὕτη,
1399 845 1450 898 ἢν
1471 848 1606 899 ἐποίη-
1632 862 1679 886 10

250 913 447 964 Έλληνες
469 913 701 967 πέμψαντες
724 915 825 965 ὑμᾶς
853 914 1052 967 πρέσβεις
1068 916 1167 968 πρός
1197 933 1246 967 με
1276 916 1327 959 ὡς
1350 915 1591 967 δυναμένους

73 986 212 1024 πεῖσαι
236 985 304 1022 ΑΒ
315 1001 355 1018 =

130 1064 229 1106 433·

131 1133 229 1171 440-

131 1271 226 1309 444.

131 1327 230 1378 448.

132 1408 231 1448 449.

132 1473 230 1517 452-

132 1543 230 1588 453·

131 1612 229 1655 470-

130 1685 230 1726 491·

132 1753 229 1796 493.

131 1820 229 1863 497.

133 1889 230 1934 524.

131 1958 230 2004 532.

132 2027 230 2072 533.

132 2095 227 2142 535-

131 2166 229 2209 540.

131 2234 228 2277 541·

266 1048 581 1108 <ἆναπρήσας>]
606 1050 872 1104 ἆναφυσήσας
894 1050 917 1103 ἢ
941 1052 1094 1104 ἀθρόως
1116 1053 1338 1104 ἀναβαλών

262 1117 423 1176 νήπιον]
449 1121 715 1172 σμικρότατον

259 1190 403 1242 φασίν,
422 1190 483 1230 ὅτι
504 1189 656 1231 δώδεκα
676 1189 777 1230 ἐτῶν
798 1188 846 1240 ἤν
864 1190 884 1230 6
904 1188 1135 1243 Ἀχιλλεύς,
1151 1190 1218 1231 ὅτε
1240 1189 1365 1242 ἦλθεν
1382 1192 1439 1233 εἰς
1455 1190 1605 1243 Τροίαν
1634 1203 1679 1240 15

260 1256 331 1315 ὡς]
358 1258 422 1299 διό
594 1267 694 1311 445.
725 1256 944 1316 ὑποσταίη]
967 1259 1192 1313 ὑπόσχοιτο
1215 1262 1300 1300 A:

261 1324 521 1384 Ὀρμενίδαο]
543 1326 736 1380 Ὀρμένου
758 1328 901 1370 παιδός

263 1399 486 1448 διφορεῖται
508 1395 657 1449 γραφή,
680 1396 744 1437 καὶ
764 1395 954 1447 παλλακή
977 1397 1041 1438 καὶ
1063 1397 1265 1440 παλλακίς

263 1463 523 1521 προμιγῆναι]
547 1464 624 1518 πρὸ
645 1467 713 1505 τοῦ
735 1466 883 1517 πατρός
906 1468 940 1505 Α
954 1475 990 1511 -ξ-

261 1536 307 1590 τῇ
331 1535 504 1585 πιθόμην
527 1532 590 1574 καὶ
612 1531 747 1590 ἔρεξα]
773 1538 928 1586 σεμνῶς
1631 1553 1681 1577 20

264 1600 491 1659 εἰνάνυχες]
516 1603 581 1643 ἐπὶ
603 1602 638 1643 θ’
660 1603 801 1645 νύκτας
824 1607 909 1643 A:

263 1673 306 1713 ἐν
327 1671 469 1728 νηπιέῃ
493 1669 702 1728 ἀλεγεινῇ]
727 1673 770 1713 ἐν
791 1672 837 1727 τῇ
862 1673 1130 1728 παιδοτροφίᾳ
1152 1674 1197 1729 τῇ
1221 1674 1381 1729 χαλεπῇ

261 1738 302 1798 ὅ]
327 1742 388 1782 ὅτι
411 1744 493 1786 Α-Ι-
679 1738 820 1798 γόνον]
844 1742 1005 1782 παιδίον

262 1810 306 1851 τὸ
329 1811 569 1864 ἐπιχείρημα
591 1809 670 1850 ἀπὸ
689 1810 871 1861 μείζονος
989 1819 1085 1865 519.
1117 1809 1288 1868 ὑπέστη]
1313 1810 1512 1866 ὑπέσχετο

262 1876 529 1935 ἐπευθόμεθα]
551 1879 758 1930 ἠκούομεν.
801 1879 835 1933 ξ.
865 1879 1004 1933 δώροις
1026 1880 1257 1931 πειθόμενοι
1279 1879 1370 1920 A=
1631 1893 1678 1931 25

263 1945 538 2004 διαπραθέειν]
562 1949 760 2000 πορθῆσαι

264 2014 390 2073 τοῖσι]
415 2020 497 2059 τοῖς
524 2017 796 2059 Καλυδωνίοις
950 2025 1047 2071 534.
1078 2015 1228 2074 γουνῷ]
1252 2018 1304 2072 τῷ
1326 2018 1477 2073 γονίμῳ
1499 2018 1608 2074 τόπῳ

260 2083 422 2142 Οἰνεύς]
445 2085 644 2137 βασιλεὺς
669 2087 937 2126 Καλυδωνίων
1055 2087 1151 2140 538.
1184 2090 1269 2127 δῖον
1290 2084 1425 2143 γένος]
1450 2085 1480 2127 ὦ

262 2153 383 2212 ἔθων]
409 2154 456 2205 ἐξ
475 2155 587 2197 ἔθους
609 2157 746 2201 ποιῶν,
764 2154 869 2203 ἐθάς,
894 2154 1094 2197 καταστάς
1117 2158 1150 2195 Α
1169 2175 1193 2185 ·-

261 2224 538 2277 προθέλυμνα]
559 2221 582 2273 ἢ
606 2223 859 2277 πρόρ<ρ>ιζα
876 2227 909 2263 Α
923 2233 958 2268 -Ι-
1071 2225 1169 2275 546.
1203 2224 1402 2278 ἐπέβησε]
1426 2225 1446 2265 6
1467 2227 1607 2278 χοῖρος
1630 2240 1679 2275 30

132 2304 230 2347 547.
266 2292 317 2348 <ἣ
350 2293 380 2334 δ’
405 2294 504 2345 ἀμφ’
527 2290 683 2348 αὐτῷ>]
708 2291 795 2343 ἤτοι
818 2291 920 2343 ἀμφὶ
948 2294 1072 2348 ἑαυτῷ
1097 2294 1117 2332 6
1139 2296 1290 2346 χοῖρος.
1330 2296 1528 2346 ψιλοῦται
1550 2292 1608 2344 δέ,

75 2366 176 2405 διότι
197 2363 387 2404 οὐδέποτε
408 2361 584 2416 συνθέτῳ
608 2361 832 2416 ἀντωνυμίᾳ
851 2363 996 2415 χρῆται
1019 2362 1039 2401 6
1061 2361 1228 2413 ποιητής

263 2428 378 2486 θῆκε]
405 2433 425 2471 ὁ
445 2434 583 2485 χοῖρος
758 2439 855 2482 551.
884 2428 1023 2486 κακός]
1047 2430 1246 2484 γράφεται
1268 2434 1289 2453 “
1306 2434 1433 2474 κακῶς
1448 2429 1471 2445 ”

133 2510 232 2554 553.
266 2501 330 2541 καὶ
353 2496 511 2555 ἄλλων]
536 2500 622 2540 οἷον
644 2501 718 2539 σοῦ

134 2571 231 2622 562.

77 2641 197 2681 κυόνα

134 2708 231 2762 563·

261 2566 506 2624 Ἀλκυόνην]
539 2568 637 2619 πρὸς
669 2567 979 2619 ἀντιδιαστολὴν
1009 2570 1078 2609 τοῦ
1110 2567 1259 2621 ὀρνέου,
1292 2568 1342 2619 ἤν
1372 2573 1506 2620 φαμεν
1536 2569 1607 2609 ἆλ-
1629 2578 1679 2616 35

264 2703 394 2763 οἶτον]
419 2705 631 2758 συμφοράν
653 2709 737 2745 A:

134 2777 230 2829 567.
256 2774 543 2829 <κασιγνήτοιο
574 2771 768 2831 φόνοιο>]
796 2774 884 2827 ἤτοι
910 2776 975 2816 διὰ
1006 2778 1075 2816 τὸν
1107 2775 1236 2827 φόνον
1266 2777 1333 2814 τοῦ
1366 2775 1609 2826 ἀδελφοῦ-

77 2844 280 2886 ἆπέκτεινε
309 2845 384 2896 γὰρ
408 2842 646 2896 Μελέαγρος
677 2843 767 2886 τοὺς
787 2841 1052 2897 μήτρωας-ἢ
1083 2844 1168 2884 ἀντὶ
1198 2845 1266 2882 τοῦ
1297 2844 1395 2894 ὑπὲρ
1418 2860 1608 2895 κασιγνη-

121 2941 150 2971 4.
175 2928 371 2968 ἀτιμὼτατοι
398 2932 410 2966 Η
438 2937 486 2969 15.
511 2927 556 2959 'A.
575 2927 652 2958 ὅταν
678 2932 689 2966 ΙΙ
720 2929 766 2959 18.
792 2928 984 2969 διαφορεῖται
1012 2932 1023 2964 ΙΙ
1053 2938 1101 2959 20.
1129 2927 1284 2966 σεμνότης
1309 2932 1321 2964 Η
1351 2928 1398 2958 28.
1424 2927 1466 2959 ad
1494 2939 1524 2959 ν.
1544 2929 1606 2969 538

77 2973 237 3014 ἰοχέαιρα]
255 2973 385 3011 omisiv‘y
417 2977 429 3008 η
462 2982 508 3013 29.
535 2971 629 3003 ποιῶν
647 2972 778 3012 scripsi:
805 2984 911 3011 ποιμιν
927 2972 991 3013 legi
1018 2976 1030 3008 Η
1058 2980 1107 3012 39.
1132 2971 1277 3011 μήτρωας
1298 2972 1357 3002 W:
1384 2970 1481 3011 ἥρωας
