1939 3227
627 118 854 156 ΙΛῙΑΔΟΣ
887 119 935 157 N.
968 113 1082 171 (13)
1540 116 1623 156 533

149 240 248 283 431.
270 229 406 282 ῥαίνω,
420 230 440 269 6
456 228 619 280 μέλλων
631 229 748 281 ῥανῶ,
764 229 784 269 ὁ
799 229 1086 280 παρακείμενος
1106 227 1352 282 ἔρρα<γ>κα,
1371 229 1392 268 6
1405 229 1623 279 παθητικὸς

93 297 361 351 ἔρρα<μ>μαι,
404 299 424 338 6
464 297 802 350 ὑπερσυντελικὸς
838 296 1106 351 ἐρράμ<μ>ην
1149 297 1319 350 ἔρρανσο
1363 297 1541 350 ἔρραντο,
1578 297 1623 338 τὸ

90 366 359 416 πληθυντικὸν
382 365 671 420 ἐρράμ<μ>εθα
693 366 865 418 ἔρρασθε
887 365 1126 418 ἐρραμμένοι
1148 366 1265 418 ἦσαν,
1290 367 1355 408 καὶ
1377 366 1422 407 τὸ
1443 365 1623 408 Ἰωνικὸν

89 433 292 486 ε’ρράνατο,
316 436 380 476 καὶ
412 436 537 491 τροπῇ
570 438 638 475 τοῦ
660 436 682 476 ἶ)
703 436 760 477 εἷς
782 425 806 475 6
825 438 845 455 “
861 433 1051 487 ἐρράδατο
1065 434 1087 449 ”

145 515 244 553 444.
277 500 509 560 κροσσάων]
536 505 601 545 διὰ
622 495 700 544 τῶν
721 502 925 554 κλιμάκων
1093 505 1192 554 446.
1226 501 1422 560 πρυμνός]
1446 503 1622 546 κάτωθεν
1644 515 1665 553 5

144 571 242 622 448.
280 570 456 629 ἄμαξαν]
490 574 526 614 οἱ
557 573 630 624 μὲν
661 573 830 614 παλαιοὶ
859 572 992 625 ψιλὴν
1021 572 1263 626 γράφουσιν,
1287 573 1338 615 ὡς
1370 573 1448 614 ἀπὸ
1479 577 1548 613 τοῦ
1574 575 1623 613 τὰ

87 640 184 692 πρὸς
217 645 285 682 τὸν
311 641 462 692 ἀμητὸν
489 641 614 695 ἄγειν,
636 641 749 693 ἡμεῖς
771 643 813 683 δὲ
841 641 1051 694 γράφομεν
1073 645 1253 691 δασεῖαν,
1277 641 1328 684 ὡς
1351 641 1430 683 ἀπὸ
1451 645 1521 682 τοῦ
1543 641 1624 693 ἅμα

86 708 197 762 ἔχειν
216 713 286 752 τὸν
308 708 433 760 ἄξονα

142 787 239 830 451.
273 776 418 835 πόκον]
444 779 550 831 ἔριον
725 780 822 831 456.
856 777 1099 836 ἐπημοιβοί]
1128 778 1326 831 ἀλλήλοις
1348 780 1591 832 ἐπικείμενοι

141 846 240 898 458.
277 847 347 901 (εὖ
366 846 564 906 ὃιαβάς>]
583 848 669 900 ἤτοι
693 850 957 891 διασκελίσας
975 847 1039 889 καὶ
1061 848 1215 899 στήσας
1237 852 1307 890 τὸν
1324 849 1394 889 ἕνα
1416 849 1521 889 πόδα
1546 850 1621 890 ὧδε
1646 863 1692 889 10

84 915 148 956 καὶ
170 915 240 957 τὸν
262 917 392 957 ἄλλον
414 918 496 958 ε’κεῖ

139 985 237 1034 462-
269 983 389 1041 λᾶος]
413 989 482 1026 τοῦ
656 987 753 1040 463.
787 982 967 1042 ὑπώπια]
992 986 1063 1037 τὴν
1086 987 1294 1039 πρόσοψιν
1316 986 1408 1026 A:

824 1154 874 1191 N.

139 1233 180 1270 4.
214 1218 506 1277 καθορώμενος]
531 1222 633 1274 ὁρῶν

138 1298 179 1341 5.
213 1287 475 1347 ἀγχεμάχων]
499 1294 578 1332 τῶν
600 1291 641 1330 ἐκ
664 1292 732 1330 τοῦ
757 1289 950 1342 σύνεγγυς
972 1288 1257 1339 πολεμούντων
1644 1311 1689 1349 ¹5

144 1370 208 1400 10.
241 1359 367 1402 ἀλαὸς
399 1356 592 1415 σκοπιήν]
625 1359 800 1410 ματαίαν
831 1358 902 1409 τὴν
935 1357 1207 1409 κατασκοπήν·
1242 1358 1368 1400 ἀλαὸς
1405 1359 1480 1411 γὰρ
1519 1358 1619 1399 κατὰ

85 1425 296 1468 διάλεκτον
319 1429 339 1468 6
361 1429 514 1480 τυφλός
535 1428 626 1467 A=

142 1506 207 1548 17.
243 1494 620 1552 <παιπαλόεντος>]
660 1496 748 1547 ἤτοι
780 1496 1003 1548 πετρώδους
1040 1496 1105 1536 καὶ
1137 1498 1328 1548 σκληροῦ·
1373 1496 1508 1536 παλὸν
1539 1496 1618 1549 γὰρ

83 1564 251 1617 λέγεται
279 1569 323 1605 τὸ
353 1564 485 1618 ξηρόν,
511 1566 604 1606 ὅθεν
634 1564 698 1607 καὶ
723 1565 854 1607 παλὸς
876 1566 896 1605 ὁ
920 1565 1062 1615 πηλός.
1107 1564 1238 1614 πηλὸς
1259 1566 1335 1617 γὰρ
1360 1565 1501 1616 κυρίως
1527 1565 1618 1606 τότε

79 1632 256 1686 λέγεται,
294 1635 391 1676 ὅταν
422 1635 533 1675 ὕδατι
571 1634 735 1687 φνρθεὶς
772 1637 867 1688 χοῦς
909 1632 1096 1689 ξηρανθῇ.
1150 1634 1282 1673 παλόν
1319 1631 1512 1690 τοί[νυν],
1555 1633 1618 1675 καὶ
1640 1656 1687 1680 20

79 1705 180 1743 κατὰ
211 1704 593 1755 ἀναδιπλασιασμὸν
622 1700 864 1760 πάπα[λον],
889 1704 953 1744 καὶ
985 1703 1230 1757 πλεονασμῷ
1255 1706 1324 1743 τοῦ
1354 1705 1368 1743 ἶ
1395 1704 1615 1751 παίπαλον,

79 1772 145 1812 καὶ
169 1773 403 1815 ἐπιθετικῶς
425 1776 556 1827 χῶρος
577 1774 820 1814 παιπαλόεις

139 1842 203 1881 18.
237 1844 408 1894 κραιπνὰ
448 1842 570 1883 ποσὶν
612 1841 838 1895 προβιβάς]
882 1842 1059 1893 ἐκθύμως
1100 1840 1251 1895 τρέχων
1292 1842 1358 1882 καὶ
1395 1841 1460 1882 διὰ
1501 1846 1615 1882 τοῦτο

77 1914 302 1951 πνευστιῶν

138 1991 202 2020 20.
236 1978 318 2031 τρὶς
338 1981 411 2029 μὲν
437 1979 586 2031 ὀρέξατ’
613 1977 701 2035 ἰών]
727 1981 768 2020 ἐκ
791 1980 924 2032 τρίτου
945 1979 1017 2030 μὲν
1039 1978 1211 2029 ἐξέτεινε
1235 1979 1443 2030 πορευθείς
1636 2002 1684 2038 25

237 2042 423 2101 ὀρέξατο]
444 2047 630 2097 ὥρμησεν

143 2127 207 2168 23.
241 2111 468 2171 τιτύσκετο]
493 2115 593 2154 τύκω
616 2114 746 2154 τύσκω
771 2115 833 2154 καὶ
857 2115 955 2154 κατὰ
978 2113 1361 2164 ἆναὸιπλασιασμὸν
1383 2114 1554 2154 τιτύσκω

137 2191 202 2235 25.
236 2181 408 2239 χρυσόν]
433 2186 590 2236 χρυσῆν
613 2182 765 2233 στολήν
941 2183 1030 2235 περὶ
1053 2180 1163 2238 χροΐ]
1189 2181 1279 2234 περὶ
1301 2184 1355 2236 τῷ
1379 2183 1535 2234 σώματι

134 2264 201 2306 33.
233 2252 421 2293 Τενέδοιο
445 2256 508 2292 καὶ
525 2249 714 2308 Ἴμβρου]
739 2255 856 2303 νῆσοι
880 2252 1058 2301 πλησίον
1073 2253 1142 2301 τῆς
1154 2251 1301 2303 Τροίας
1321 2252 1500 2303 κείμεναι
1514 2251 1551 2291 Α
1568 2262 1601 2296 4-

133 2332 201 2375 39.
235 2318 422 2377 ἀολλέες]
448 2321 526 2361 ἀπὸ
549 2324 617 2361 τοῦ
633 2329 660 2362 ἃ
680 2325 748 2361 τοῦ
771 2321 1039 2372 σημαίνοντος
1056 2324 1100 2360 τὸ
1124 2321 1222 2371 ὁμοῦ
1239 2320 1304 2361 καὶ
1321 2323 1390 2361 τοῦ
1409 2322 1609 2362 εἱλεῖσθαι
1632 2344 1681 2379 30

132 2403 199 2440 41.
233 2387 425 2447 ἄβρομοι]
450 2390 716 2442 πολύβρομοι,
738 2390 938 2444 πολύηχοι
962 2388 997 2429 Β
1013 2399 1046 2433 4—

133 2468 200 2512 45.
235 2457 412 2515 ἀτειρέα]
436 2459 509 2509 τὴν
531 2460 834 2510 ἀκαταπόνητον
855 2473 933 2499 ree.
1074 2458 1139 2508 48.
1172 2458 1289 2512 μηδέ]
1315 2458 1405 2513 οὐχί

133 2539 200 2582 51.
234 2524 415 2584 ἕξουσιν]
442 2527 695 2569 κωλύσουσιν
871 2538 938 2581 53.
973 2528 995 2568 ὅ
1016 2524 1082 2583 γε]
1108 2527 1224 2570 αὐτός

132 2605 200 2648 55.
235 2593 387 2653 σφῶιν]
412 2597 503 2646 ὑμῖν
679 2598 746 2648 56.
781 2593 903 2653 αὐτώ]
928 2598 1026 2647 ὑμᾶς

133 2670 201 2714 59.
234 2659 462 2717 σκηπανίῳ]
487 2662 538 2716 τῷ
563 2661 748 2717 σκήπτρῳ
772 2661 956 2707 A=B÷
1629 2685 1677 2722 35

133 2732 199 2770 60.
234 2729 445 2781 ἀμφοτέρω
470 2727 664 2786 κεκοπώς]
691 2731 939 2782 ἀμφοτέρους
963 2730 1131 2782 κρούσας

123 2878 168 2908 18.
196 2876 298 2906 παλὸν
314 2877 375 2906 W:
401 2875 522 2906 παλαόν
563 2881 573 2913 Η
618 2886 667 2907 22.
686 2876 862 2908 ἐπιθετικῶς
879 2878 1012 2918 scripsi:
1039 2877 1106 2907 ἐντϊ
1122 2876 1207 2917 s'sssf
1225 2876 1289 2917 legi
1333 2880 1343 2912 ΙΙ
1386 2885 1436 2915 30.
1460 2876 1480 2906 ἆ
1498 2876 1555 2907 τοῦ
1571 2882 1606 2908 et

75 2921 132 2951 τοῦ
149 2922 209 2952 εἱλ.
229 2921 271 2949 W
288 2931 327 2951 ex
346 2920 398 2950 Et.
418 2921 467 2951 M.
486 2931 491 2950 :
517 2920 615 2950 αὐτοῦ
632 2924 664 2952 et.
681 2919 718 2950 τὸ
759 2925 770 2958 ΙΙ
804 2922 957 2952 εἱλεΐσθαι
976 2922 1029 2952 Et.
1050 2921 1096 2951 M.
1112 2929 1118 2949 z
1143 2919 1281 2950 ἑλεΐσθαι
1325 2924 1336 2956 Η
1379 2920 1429 2960 36.
1455 2920 1497 2951 ad
1516 2932 1545 2951 V.
1563 2920 1604 2951 60

73 2963 197 3004 μένεος]
216 2964 455 3005 superscriptae
472 2963 606 2995 litterae
627 2964 825 3006 εῖμωοιμέους
841 2975 971 3006 prorsus
987 2965 1132 2996 incertae
1150 2968 1228 2994 sunt
